
@inproceedings{singh2002open,
  title={Open Mind Common Sense: Knowledge acquisition from the general public},
  author={Singh, Push and Lin, Thomas and Mueller, Erik T and Lim, Grace and Perkins, Travell and Zhu, Wan Li},
  booktitle={OTM Confederated International Conferences" On the Move to Meaningful Internet Systems"},
  pages={1223--1237},
  year={2002},
  organization={Springer}
}

@inproceedings{chklovski2003learner,
  title={Learner: a system for acquiring commonsense knowledge by analogy},
  author={Chklovski, Timothy},
  booktitle={Proceedings of the 2nd international conference on Knowledge capture},
  pages={4--12},
  year={2003},
  organization={ACM}
}

@article{paolacci2010running,
  title={Running experiments on amazon mechanical turk},
  author={Paolacci, Gabriele and Chandler, Jesse and Ipeirotis, Panagiotis G},
  year={2010}
}

@inproceedings{van2012designing,
  title={Designing a scalable crowdsourcing platform},
  author={Van Pelt, Chris and Sorokin, Alex},
  booktitle={Proceedings of the 2012 ACM SIGMOD International Conference on Management of Data},
  pages={765--766},
  year={2012},
  organization={ACM}
}

@ARTICLE{ephraim2015,
  AUTHOR = "Ephraim Nuwamanya and Yona Baguma and Evans Atwijukire and Sharon Acheng and Titus Alicai",
  TITLE = "Competitive Commercial Agriculture in Sub Saharan Africa ",
  JOURNAL = "International Journal of Plant Physiology and Biochemistry",
  VOLUME = {7(2)},
  PAGES  = {12-22},
  YEAR = {2015} }
@inproceedings{chklovski2005towards,
  title={Towards Managing Knowledge Collection from Volunteer Contributors.},
  author={Chklovski, Timothy and Gil, Yolanda},
  booktitle={AAAI Spring Symposium: Knowledge Collection from Volunteer Contributors},
  pages={21--27},
  year={2005}
}

@inproceedings{quinn2011human,
  title={Human computation: a survey and taxonomy of a growing field},
  author={Quinn, Alexander J and Bederson, Benjamin B},
  booktitle={Proceedings of the SIGCHI conference on human factors in computing systems},
  pages={1403--1412},
  year={2011},
  organization={ACM}
}

@inproceedings{zhu2012organizing,
  title={Organizing without formal organization: group identification, goal setting and social modeling in directing online production},
  author={Zhu, Haiyi and Kraut, Robert and Kittur, Aniket},
  booktitle={Proceedings of the ACM 2012 conference on Computer Supported Cooperative Work},
  pages={935--944},
  year={2012},
  organization={ACM}
}

@inproceedings{kittur2013future,
  title={The future of crowd work},
  author={Kittur, Aniket and Nickerson, Jeffrey V and Bernstein, Michael and Gerber, Elizabeth and Shaw, Aaron and Zimmerman, John and Lease, Matt and Horton, John},
  booktitle={Proceedings of the 2013 conference on Computer supported cooperative work},
  pages={1301--1318},
  year={2013},
  organization={ACM}
}

@incollection{haklay2013citizen,
  title={Citizen science and volunteered geographic information: Overview and typology of participation},
  author={Haklay, Muki},
  booktitle={Crowdsourcing geographic knowledge},
  pages={105--122},
  year={2013},
  publisher={Springer}
}

@article{kanefsky2001can,
  title={Can distributed volunteers accomplish massive data analysis tasks},
  author={Kanefsky, Bob and Barlow, Nadine G and Gulick, Virginia C},
  journal={Lunar and Planetary Science},
  volume={1},
  year={2001}
}

@inproceedings{mohan2008nericell,
  title={Nericell: rich monitoring of road and traffic conditions using mobile smartphones},
  author={Mohan, Prashanth and Padmanabhan, Venkata N and Ramjee, Ramachandran},
  booktitle={Proceedings of the 6th ACM conference on Embedded network sensor systems},
  pages={323--336},
  year={2008},
  organization={ACM}
}

@inproceedings{thiagarajan2009vtrack,
  title={VTrack: accurate, energy-aware road traffic delay estimation using mobile phones},
  author={Thiagarajan, Arvind and Ravindranath, Lenin and LaCurts, Katrina and Madden, Samuel and Balakrishnan, Hari and Toledo, Sivan and Eriksson, Jakob},
  booktitle={Proceedings of the 7th ACM conference on embedded networked sensor systems},
  pages={85--98},
  year={2009},
  organization={ACM}
}

@inproceedings{rana2010ear,
  title={Ear-phone: an end-to-end participatory urban noise mapping system},
  author={Rana, Rajib Kumar and Chou, Chun Tung and Kanhere, Salil S and Bulusu, Nirupama and Hu, Wen},
  booktitle={Proceedings of the 9th ACM/IEEE International Conference on Information Processing in Sensor Networks},
  pages={105--116},
  year={2010},
  organization={ACM}
}

@inproceedings{stevens2010crowdsourcing,
  title={Crowdsourcing of pollution data using smartphones},
  author={Stevens, Matthias and Dâ€™Hondt, Ellie},
  booktitle={Workshop on Ubiquitous Crowdsourcing},
  year={2010}
}

@inproceedings{ssekibuule2013mobile,
  title={A mobile market for agricultural trade in Uganda},
  author={Ssekibuule, Richard and Quinn, John A and Leyton-Brown, Kevin},
  booktitle={Proceedings of the 4th Annual Symposium on Computing for Development},
  pages={9},
  year={2013},
  organization={ACM}
}

@article{chatzimilioudis2012crowdsourcing,
  title={Crowdsourcing with smartphones},
  author={Chatzimilioudis, Georgios and Konstantinidis, Andreas and Laoudias, Christos and Zeinalipour-Yazti, Demetrios},
  journal={IEEE Internet Computing},
  volume={16},
  number={5},
  pages={36--44},
  year={2012},
  publisher={IEEE}
}

@article{otim2000current,
  title={The current pandemic of cassava mosaic virus disease in East Africa and its control.},
  author={Otim-Nape, GW and Bua, A and Thresh, JM and Baguma, Y and Ogwal, S and Ssemakula, GN and Acola, G and Byabakama, B and others},
  journal={The current pandemic of cassava mosaic virus disease in East Africa and its control.},
  year={2000},
  publisher={Natural Resources Institute (NRI)}
}

@inproceedings{agapie2015crowdsourcing,
  title={Crowdsourcing in the field: A case study using local crowds for event reporting},
  author={Agapie, Elena and Teevan, Jaime and Monroy-Hern{\'a}ndez, Andr{\'e}s},
  booktitle={Third AAAI Conference on Human Computation and Crowdsourcing},
  year={2015}
}

@article{silvertown2009new,
  title={A new dawn for citizen science},
  author={Silvertown, Jonathan},
  journal={Trends in ecology \& evolution},
  volume={24},
  number={9},
  pages={467--471},
  year={2009},
  publisher={Elsevier}
}