@article{xia2021graph,
  title={Graph learning: A survey},
  author={Xia, Feng and Sun, Ke and Yu, Shuo and Aziz, Abdul and Wan, Liangtian and Pan, Shirui and Liu, Huan},
  journal={IEEE Trans AI},
  volume={2},
  number={2},
  pages={109--127},
  year={2021}
}

@article{zhang2020deep,
  title={Deep learning on graphs: A survey},
  author={Zhang, Ziwei and Cui, Peng and Zhu, Wenwu},
  journal={IEEE Trans Knowl Data Eng},
  year={2020}
}

@article{zhou2020graph,
  title={Graph neural networks: A review of methods and applications},
  author={Zhou, Jie and Cui, Ganqu and Hu, Shengding and Zhang, Zhengyan and Yang, Cheng and Liu, Zhiyuan and Wang, Lifeng and Li, Changcheng and Sun, Maosong},
  journal={AI Open},
  volume={1},
  pages={57--81},
  year={2020}
}

@article{wu2020comprehensive,
  title={A comprehensive survey on graph neural networks},
  author={Wu, Zonghan and Pan, Shirui and Chen, Fengwen and Long, Guodong and Zhang, Chengqi and Philip, S Yu},
  journal={IEEE Trans Neural Netw Learn Syst},
  volume={32},
  number={1},
  pages={4--24},
  year={2020}
}

@inproceedings{poklukar2021geomca,
  title={Geomca: Geometric evaluation of data representations},
  author={Poklukar, Petra and Varava, Anastasiia and Kragic, Danica},
  booktitle={ICML},
  pages={8588--8598},
  year={2021}
}

@inproceedings{schonenberger2020witness,
  title={Witness autoencoder: Shaping the latent space with witness complexes},
  author={Sch{\"o}nenberger, Simon Till and Varava, Anastasiia and Polianskii, Vladislav and Chung, Jen Jen and Kragic, Danica and Siegwart, Roland},
  booktitle={NeurIPS 2020 Workshop on TDA and Beyond},
  year={2020}
}

@inproceedings{de2004topological,
  title={Topological estimation using witness complexes.},
  author={De Silva, Vin and Carlsson, Gunnar E},
  booktitle={PBG},
  pages={157--166},
  year={2004}
}

@inproceedings{wang2020haar,
  title={Haar graph pooling},
  author={Wang, Yu Guang and Li, Ming and Ma, Zheng and Montufar, Guido and Zhuang, Xiaosheng and Fan, Yanan},
  booktitle={ICML},
  pages={9952--9962},
  year={2020}
}

@article{bodnar2021deep,
  title={Deep graph mapper: Seeing graphs through the neural lens},
  author={Bodnar, Cristian and Cangea, C{\u{a}}t{\u{a}}lina and Li{\`o}, Pietro},
  journal={Frontiers in Big Data},
  pages={38},
  year={2021},
  publisher={Frontiers}
}

@inproceedings{bodnar2021weisfeiler,
  title={Weisfeiler and lehman go topological: Message passing simplicial networks},
  author={Bodnar, Cristian and Frasca, Fabrizio and Wang, Yuguang and Otter, Nina and Montufar, Guido F and Lio, Pietro and Bronstein, Michael},
  booktitle={ICML},
  pages={1026--1037},
  year={2021}
}

@inproceedings{lee2019self,
  title={Self-attention graph pooling},
  author={Lee, Junhyun and Lee, Inyeop and Kang, Jaewoo},
  booktitle={ICML},
  pages={3734--3743},
  year={2019}
}

@inproceedings{ma2019graph,
  title={Graph convolutional networks with eigenpooling},
  author={Ma, Yao and Wang, Suhang and Aggarwal, Charu C and Tang, Jiliang},
  booktitle={SIGKDD},
  pages={723--731},
  year={2019}
}

@inproceedings{ying2018hierarchical,
  title={Hierarchical graph representation learning with differentiable pooling},
  author={Ying, Zhitao and You, Jiaxuan and Morris, Christopher and Ren, Xiang and Hamilton, Will and Leskovec, Jure},
  booktitle={NeurIPS},
  volume={31},
  year={2018}
}

@inproceedings{bianchi2020spectral,
  title={Spectral clustering with graph neural networks for graph pooling},
  author={Bianchi, Filippo Maria and Grattarola, Daniele and Alippi, Cesare},
  booktitle={ICML},
  pages={874--883},
  year={2020}
}

@inproceedings{gao2019graph,
  title={Graph U-nets},
  author={Gao, Hongyang and Ji, Shuiwang},
  booktitle={ICML},
  pages={2083--2092},
  year={2019}
}

@inproceedings{kriege2016valid,
  title={On valid optimal assignment kernels and applications to graph classification},
  author={Kriege, Nils M and Giscard, Pierre-Louis and Wilson, Richard},
  booktitle={NeurIPS},
  year={2016}
}

@article{adams2017persistence,
  title={Persistence images: A stable vector representation of persistent homology},
  author={Adams, Henry and Emerson, Tegan and Kirby, Michael and Neville, Rachel and Peterson, Chris and Shipman, Patrick and Chepushtanova, Sofya and Hanson, Eric and Motta, Francis and Ziegelmeier, Lori},
  journal={Journal of Machine Learning Research},
  volume={18},
  year={2017}
}

@article{shervashidze2011weisfeiler,
  title={Weisfeiler-lehman graph kernels.},
  author={Shervashidze, Nino and Schweitzer, Pascal and Van Leeuwen, Erik Jan and Mehlhorn, Kurt and Borgwardt, Karsten M},
  journal={JMLR},
  volume={12},
  number={9},
  year={2011}
}

@article{kondor2016multiscale,
  title={The multiscale laplacian graph kernel},
  author={Kondor, Risi and Pan, Horace},
  journal={Advances in neural information processing systems},
  volume={29},
  year={2016}
}

@inproceedings{morris2016faster,
  title={Faster kernels for graphs with continuous attributes via hashing},
  author={Morris, Christopher and Kriege, Nils M and Kersting, Kristian and Mutzel, Petra},
  booktitle={ICDM},
  pages={1095--1100},
  year={2016}
}

@inproceedings{kriege2012subgraph,
  title={Subgraph matching kernels for attributed graphs},
  author={Kriege, Nils and Mutzel, Petra},
  booktitle={ICML},
  pages={291--298},
  year={2012}
}

@article{defferrard2016convolutional,
  title={Convolutional neural networks on graphs with fast localized spectral filtering},
  author={Defferrard, Micha{\"e}l and Bresson, Xavier and Vandergheynst, Pierre},
  journal={NIPS},
  volume={29},
  year={2016}
}

@inproceedings{shen2018mining,
  title={Mining point cloud local structures by kernel correlation and graph pooling},
  author={Shen, Yiru and Feng, Chen and Yang, Yaoqing and Tian, Dong},
  booktitle={CVPR},
  pages={4548--4557},
  year={2018}
}

@inproceedings{boureau2010theoretical,
  title={A theoretical analysis of feature pooling in visual recognition},
  author={Boureau, Y-Lan and Ponce, Jean and LeCun, Yann},
  booktitle={ICML},
  pages={111--118},
  year={2010}
}

@inproceedings{yu2016multi,
  title={Multi-scale context aggregation by dilated convolutions},
  author={Yu, Fisher and Koltun, Vladlen},
  booktitle={ICLR},
  year={2016}
}

@article{wu2020comprehensive,
  title={A comprehensive survey on graph neural networks},
  author={Wu, Zonghan and Pan, Shirui and Chen, Fengwen and Long, Guodong and Zhang, Chengqi and Philip, S Yu},
  journal={IEEE transactions on neural networks and learning systems},
  volume={32},
  number={1},
  pages={4--24},
  year={2020},
  publisher={IEEE}
}

@inproceedings{yan2021link,
  title={Link prediction with persistent homology: An interactive view},
  author={Yan, Zuoyu and Ma, Tengfei and Gao, Liangcai and Tang, Zhi and Chen, Chao},
  booktitle={International Conference on Machine Learning},
  pages={11659--11669},
  year={2021}
}

@article{zhang2018link,
  title={Link prediction based on graph neural networks},
  author={Zhang, Muhan and Chen, Yixin},
  journal={Advances in neural information processing systems},
  volume={31},
  year={2018}
}

@Article{Velickovic2018iclr,
  author  = {Petar Veličković and Guillem Cucurull and Arantxa Casanova and Adriana Romero and Pietro Liò and Yoshua Bengio},
  journal = {International Conference on Learning Representations},
  title   = {Graph Attention Networks},
  year    = {2018},
}

@article{feng2020graph,
  title={Graph random neural networks for semi-supervised learning on graphs},
  author={Feng, Wenzheng and Zhang, Jie and Dong, Yuxiao and Han, Yu and Luan, Huanbo and Xu, Qian and Yang, Qiang and Kharlamov, Evgeny and Tang, Jie},
  journal={Advances in neural information processing systems},
  volume={33},
  pages={22092--22103},
  year={2020}
}

@inproceedings{chamberlain2021grand,
  title={Grand: Graph neural diffusion},
  author={Chamberlain, Ben and Rowbottom, James and Gorinova, Maria I and Bronstein, Michael and Webb, Stefan and Rossi, Emanuele},
  booktitle={International Conference on Machine Learning},
  pages={1407--1418},
  year={2021}
}

@inproceedings{xu2018powerful,
  title={How Powerful are Graph Neural Networks?},
  author={Xu, Keyulu and Hu, Weihua and Leskovec, Jure and Jegelka, Stefanie},
  booktitle={ICLR},
  year={2018}
}

@inproceedings{kipf2016semi,
  title={Semi-supervised classification with graph convolutional networks},
  author={Kipf, Thomas N and Welling, Max},
  booktitle={ICLR},
  year={2017}
}

@inproceedings{o2021filtration,
  title={Filtration Curves for Graph Representation},
  author={O'Bray, Leslie and Rieck, Bastian and Borgwardt, Karsten},
  booktitle={SIGKDD},
  pages={1267--1275},
  year={2021}
}

@book{carlsson2021topological,
  title={Topological Data Analysis with Applications},
  author={Carlsson, Gunnar and Vejdemo-Johansson, Mikael},
  year={2021},
  publisher={Cambridge University Press}
}

@inproceedings{huang2019attpool,
  title={Attpool: Towards hierarchical feature representation in graph convolutional networks via attention mechanism},
  author={Huang, Jingjia and Li, Zhangheng and Li, Nannan and Liu, Shan and Li, Ge},
  booktitle={IEEE/CVF ICCV},
  pages={6480--6489},
  year={2019}
}

@inproceedings{yang2021hierarchical,
  title={Hierarchical graph capsule network},
  author={Yang, Jinyu and Zhao, Peilin and Rong, Yu and Yan, Chaochao and Li, Chunyuan and Ma, Hehuan and Huang, Junzhou},
  booktitle={AAAI},
  year={2021}
}

@inproceedings{zhao2017pyramid,
  title={Pyramid scene parsing network},
  author={Zhao, Hengshuang and Shi, Jianping and Qi, Xiaojuan and Wang, Xiaogang and Jia, Jiaya},
  booktitle={Proceedings of the IEEE conference on computer vision and pattern recognition},
  pages={2881--2890},
  year={2017}
}

@article{lin2013network,
  title={Network in network},
  author={Lin, Min and Chen, Qiang and Yan, Shuicheng},
  journal={International Conference on Machine Learning},
  year={2013}
}

@article{atwood2016diffusion,
  title={Diffusion-convolutional neural networks},
  author={Atwood, James and Towsley, Don},
  journal={Advances in neural information processing systems},
  volume={29},
  year={2016}
}

@inproceedings{hofer2020graph,
  title={Graph filtration learning},
  author={Hofer, Christoph and Graf, Florian and Rieck, Bastian and Niethammer, Marc and Kwitt, Roland},
  booktitle={ICML},
  pages={4314--4323},
  year={2020}
}

@book{cormen2022introduction,
  title={Introduction to algorithms},
  author={Cormen, Thomas H and Leiserson, Charles E and Rivest, Ronald L and Stein, Clifford},
  year={2022},
  publisher={MIT press}
}

@article{carlsson2020topological,
  title={Topological methods for data modelling},
  author={Carlsson, G.},
  journal={Nature Reviews Physics},
  volume={2},
  number={12},
  pages={697--708},
  year={2020}
}

@article{tauzin2021giotto,
  title={giotto-tda:: A Topological Data Analysis Toolkit for Machine Learning and Data Exploration},
  author={Tauzin, G. and Lupo, U. and Tunstall, L. and Pérez, J.B. and Caorsi, M. and Medina-Mardones, A.M. and Dassatti, A. and Hess, K.},
  journal={JMLR},
  volume={22},
  pages={39--1},
  year={2021}
}

@article{otter2017roadmap,
  title={A roadmap for the computation of persistent homology},
  author={Otter, Nina and Porter, Mason A and Tillmann, Ulrike and Grindrod, Peter and Harrington, Heather A},
  journal={EPJ Data Science},
  volume={6},
  pages={1--38},
  year={2017},
  publisher={Springer}
}

@article{zomorodian2005computing,
  title={Computing persistent homology},
  author={Zomorodian, A. and Carlsson, G.},
  journal={Discrete \& Computational Geometry},
  volume={33},
  number={2},
  pages={249--274},
  year={2005},
  publisher={Springer}
}

@inproceedings{edelsbrunner2000topological,
  title={Topological persistence and simplification},
  author={Edelsbrunner, H. and Letscher, D. and Zomorodian, A.},
 booktitle={FOCS},
  pages={454--463},
  year={2000}
}

@article{cangea2018towards,
  title={Towards sparse hierarchical graph classifiers},
  author={Cangea, C{\u{a}}t{\u{a}}lina and Veli{\v{c}}kovi{\'c}, Petar and Jovanovi{\'c}, Nikola and Kipf, Thomas and Li{\`o}, Pietro},
  journal={Workshop on Relational Representation Learning, NeurIPS},
  year={2018}
}

@inproceedings{girdhar2017attentional,
  title={Attentional pooling for action recognition},
  author={Girdhar, Rohit and Ramanan, Deva},
  booktitle={NIPS},
  volume={30},
  year={2017}
}

@inproceedings{carriere2020perslay,
  title={Perslay: A neural network layer for persistence diagrams and new graph topological signatures},
  author={Carri{\`e}re, Mathieu and Chazal, Fr{\'e}d{\'e}ric and Ike, Yuichi and Lacombe, Th{\'e}o and Royer, Martin and Umeda, Yuhei},
  booktitle={AISTATS},
  pages={2786--2796},
  year={2020}
}

@inproceedings{zhang2018end,
  title={An end-to-end deep learning architecture for graph classification},
  author={Zhang, Muhan and Cui, Zhicheng and Neumann, Marion and Chen, Yixin},
  booktitle={AAAI},
  volume={32},
  number={1},
  year={2018}
}