@article{xu2020unified,
  title={A unified single-loop alternating gradient projection algorithm for nonconvex-concave and convex-nonconcave minimax problems},
  author={Xu, Zi and Zhang, Huiling and Xu, Yang and Lan, Guanghui},
  journal={arXiv preprint arXiv:2006.02032},
  year={2020}
}


@inproceedings{yang2008distributed,
  title={Distributed robust optimization for communication networks},
  author={Yang, Kai and Wu, Yihong and Huang, Jianwei and Wang, Xiaodong and Verd{\'u}, Sergio},
  booktitle={IEEE INFOCOM 2008-The 27th Conference on Computer Communications},
  pages={1157--1165},
  year={2008},
  organization={IEEE}
}


@article{burger2013polyhedral,
  title={A polyhedral approximation framework for convex and robust distributed optimization},
  author={B{\"u}rger, Mathias and Notarstefano, Giuseppe and Allg{\"o}wer, Frank},
  journal={IEEE Transactions on Automatic Control},
  volume={59},
  number={2},
  pages={384--395},
  year={2013},
  publisher={IEEE}
}

@inproceedings{garg2022learning,
  title={Learning from mistakes--a framework for neural architecture search},
  author={Garg, Bhanu and Zhang, Li and Sridhara, Pradyumna and Hosseini, Ramtin and Xing, Eric and Xie, Pengtao},
  booktitle={Proceedings of the AAAI Conference on Artificial Intelligence},
  volume={36},
  number={9},
  pages={10184--10192},
  year={2022}
}

@article{khanduri2021near,
  title={A near-optimal algorithm for stochastic bilevel optimization via double-momentum},
  author={Khanduri, Prashant and Zeng, Siliang and Hong, Mingyi and Wai, Hoi-To and Wang, Zhaoran and Yang, Zhuoran},
  journal={Advances in Neural Information Processing Systems},
  volume={34},
  pages={30271--30283},
  year={2021}
}

@inproceedings{liu2021value,
  title={A value-function-based interior-point method for non-convex bi-level optimization},
  author={Liu, Risheng and Liu, Xuan and Yuan, Xiaoming and Zeng, Shangzhi and Zhang, Jin},
  booktitle={International Conference on Machine Learning},
  pages={6882--6892},
  year={2021},
  organization={PMLR}
}

@inproceedings{likhosherstov2021debiasing,
  title={Debiasing a first-order heuristic for approximate bi-level optimization},
  author={Likhosherstov, Valerii and Song, Xingyou and Choromanski, Krzysztof and Davis, Jared Q and Weller, Adrian},
  booktitle={International Conference on Machine Learning},
  pages={6621--6630},
  year={2021},
  organization={PMLR}
}

@article{ji2020convergence,
  title={Convergence of meta-learning with task-specific adaptation over partial parameters},
  author={Ji, Kaiyi and Lee, Jason D and Liang, Yingbin and Poor, H Vincent},
  journal={Advances in Neural Information Processing Systems},
  volume={33},
  pages={11490--11500},
  year={2020}
}

@article{hong2020two,
  title={A two-timescale framework for bilevel optimization: Complexity analysis and application to actor-critic},
  author={Hong, Mingyi and Wai, Hoi-To and Wang, Zhaoran and Yang, Zhuoran},
  journal={arXiv preprint arXiv:2007.05170},
  year={2020}
}

@article{avraamidou2018mixed,
  title={Mixed-integer multi-level optimization through multi-parametric programming},
  author={Avraamidou, Styliani},
  year={2018},
  publisher={Imperial College London}
}

@article{harrison1978hedonic,
  title={Hedonic housing prices and the demand for clean air},
  author={Harrison Jr, David and Rubinfeld, Daniel L},
  journal={Journal of environmental economics and management},
  volume={5},
  number={1},
  pages={81--102},
  year={1978},
  publisher={Elsevier}
}

@article{cortez2009modeling,
  title={Modeling wine preferences by data mining from physicochemical properties},
  author={Cortez, Paulo and Cerdeira, Ant{\'o}nio and Almeida, Fernando and Matos, Telmo and Reis, Jos{\'e}},
  journal={Decision support systems},
  volume={47},
  number={4},
  pages={547--553},
  year={2009},
  publisher={Elsevier}
}

@article{dua2017uci,
  title={UCI machine learning repository},
  author={Dua, Dheeru and Graff, Casey and others},
  year={2017}
}

@inproceedings{venkateswara2017deep,
  title={Deep hashing network for unsupervised domain adaptation},
  author={Venkateswara, Hemanth and Eusebio, Jose and Chakraborty, Shayok and Panchanathan, Sethuraman},
  booktitle={Proceedings of the IEEE conference on computer vision and pattern recognition},
  pages={5018--5027},
  year={2017}
}

@article{zhou2022romfac,
  title={RoMFAC: A Robust Mean-Field Actor-Critic Reinforcement Learning against Adversarial Perturbations on States},
  author={Zhou, Ziyuan and Liu, Guanjun},
  journal={arXiv preprint arXiv:2205.07229},
  year={2022}
}

@inproceedings{jiang2020sp,
  title={Sp-nas: Serial-to-parallel backbone search for object detection},
  author={Jiang, Chenhan and Xu, Hang and Zhang, Wei and Liang, Xiaodan and Li, Zhenguo},
  booktitle={Proceedings of the IEEE/CVF conference on computer vision and pattern recognition},
  pages={11863--11872},
  year={2020}
}

@article{raghu2021meta,
  title={Meta-learning to improve pre-training},
  author={Raghu, Aniruddh and Lorraine, Jonathan and Kornblith, Simon and McDermott, Matthew and Duvenaud, David K},
  journal={Advances in Neural Information Processing Systems},
  volume={34},
  pages={23231--23244},
  year={2021}
}

@article{tawarmalani2005polyhedral,
  title={A polyhedral branch-and-cut approach to global optimization},
  author={Tawarmalani, Mohit and Sahinidis, Nikolaos V},
  journal={Mathematical programming},
  volume={103},
  number={2},
  pages={225--249},
  year={2005},
  publisher={Springer}
}

@inproceedings{trombettoni2011inner,
  title={Inner regions and interval linearizations for global optimization},
  author={Trombettoni, Gilles and Araya, Ignacio and Neveu, Bertrand and Chabert, Gilles},
  booktitle={Proceedings of the AAAI Conference on Artificial Intelligence},
  volume={25},
  number={1},
  pages={99--104},
  year={2011}
}

@article{bertsekas2011unifying,
  title={A unifying polyhedral approximation framework for convex optimization},
  author={Bertsekas, Dimitri P and Yu, Huizhen},
  journal={SIAM Journal on Optimization},
  volume={21},
  number={1},
  pages={333--360},
  year={2011},
  publisher={SIAM}
}

@book{bertsekas2015convex,
  title={Convex optimization algorithms},
  author={Bertsekas, Dimitri},
  year={2015},
  publisher={Athena Scientific}
}

@inproceedings{kort1972new,
  title={A new penalty function method for constrained minimization},
  author={Kort, Barry W and Bertsekas, Dimitri P},
  booktitle={Proceedings of the 1972 IEEE Conference on Decision and Control and 11th Symposium on Adaptive Processes},
  pages={162--166},
  year={1972},
  organization={IEEE}
}

@article{meng2004objective,
  title={An objective penalty function method for nonlinear programming},
  author={Meng, Zhiqing and Hu, Qiying and Dang, Chuangyin and Yang, Xiaoqi},
  journal={Applied mathematics letters},
  volume={17},
  number={6},
  pages={683--689},
  year={2004},
  publisher={Elsevier}
}


@article{franc2011cutting,
  title={Cutting plane methods in machine learning},
  author={Franc, Vojtech and Sonnenburg, S{\"o}ren and Werner, Tom{\'a}{\v{s}}},
  journal={Optimization for Machine Learning},
  pages={185--218},
  year={2011},
  publisher={MIT Press Cambridge}
}

@article{liu2021towards,
  title={Towards gradient-based bilevel optimization with non-convex followers and beyond},
  author={Liu, Risheng and Liu, Yaohua and Zeng, Shangzhi and Zhang, Jin},
  journal={Advances in Neural Information Processing Systems},
  volume={34},
  pages={8662--8675},
  year={2021}
}

@inproceedings{ji2021bilevel,
  title={Bilevel optimization: Convergence analysis and enhanced design},
  author={Ji, Kaiyi and Yang, Junjie and Liang, Yingbin},
  booktitle={International Conference on Machine Learning},
  pages={4882--4892},
  year={2021},
  organization={PMLR}
}

@article{xie2019asynchronous,
  title={Asynchronous federated optimization},
  author={Xie, Cong and Koyejo, Sanmi and Gupta, Indranil},
  journal={arXiv preprint arXiv:1903.03934},
  year={2019}
}

@article{rahimian2019distributionally,
  title={Distributionally robust optimization: A review},
  author={Rahimian, Hamed and Mehrotra, Sanjay},
  journal={arXiv preprint arXiv:1908.05659},
  year={2019}
}

@article{deng2020distributionally,
  title={Distributionally robust federated averaging},
  author={Deng, Yuyang and Kamani, Mohammad Mahdi and Mahdavi, Mehrdad},
  journal={Advances in Neural Information Processing Systems},
  volume={33},
  pages={15111--15122},
  year={2020}
}

@article{jiao2022timeautoad,
  title={TimeAutoAD: Autonomous Anomaly Detection With Self-Supervised Contrastive Loss for Multivariate Time Series},
  author={Jiao, Yang and Yang, Kai and Song, Dongjing and Tao, Dacheng},
  journal={IEEE Transactions on Network Science and Engineering},
  volume={9},
  number={3},
  pages={1604--1619},
  year={2022},
  publisher={IEEE}
}

@article{choe2022betty,
  title={Betty: An automatic differentiation library for multilevel optimization},
  author={Choe, Sang Keun and Neiswanger, Willie and Xie, Pengtao and Xing, Eric},
  journal={arXiv preprint arXiv:2207.02849},
  year={2022}
}

@inproceedings{guo2020meets,
  title={When nas meets robustness: In search of robust architectures against adversarial attacks},
  author={Guo, Minghao and Yang, Yuzhe and Xu, Rui and Liu, Ziwei and Lin, Dahua},
  booktitle={Proceedings of the IEEE/CVF Conference on Computer Vision and Pattern Recognition},
  pages={631--640},
  year={2020}
}

@article{sato2021gradient,
  title={A Gradient Method for Multilevel Optimization},
  author={Sato, Ryo and Tanaka, Mirai and Takeda, Akiko},
  journal={Advances in Neural Information Processing Systems},
  volume={34},
  pages={7522--7533},
  year={2021}
}

@inproceedings{lin2020gradient,
  title={On gradient descent ascent for nonconvex-concave minimax problems},
  author={Lin, Tianyi and Jin, Chi and Jordan, Michael},
  booktitle={International Conference on Machine Learning},
  pages={6083--6093},
  year={2020},
  organization={PMLR}
}

@article{jiao2022distributed,
  title={Distributed distributionally robust optimization with non-convex objectives},
  author={Jiao, Yang and Yang, Kai and Song, Dongjin},
  journal={Advances in neural information processing systems},
  volume={35},
  pages={7987--7999},
  year={2022}
}

@article{chen2022trilevel,
  title={Trilevel optimization model for competitive pricing of electric vehicle charging station considering distribution locational marginal price},
  author={Chen, Shibo and Feng, Shanshan and Guo, Zhenwei and Yang, Zaiyue},
  journal={IEEE Transactions on Smart Grid},
  volume={13},
  number={6},
  pages={4716--4729},
  year={2022},
  publisher={IEEE}
}


@article{sun2019communication,
  title={Communication-efficient distributed learning via lazily aggregated quantized gradients},
  author={Sun, Jun and Chen, Tianyi and Giannakis, Georgios B and Yang, Zaiyue},
  journal={arXiv preprint arXiv:1909.07588},
  year={2019}
}

@book{nesterov2003introductory,
  title={Introductory lectures on convex optimization: A basic course},
  author={Nesterov, Yurii},
  volume={87},
  year={2003},
  publisher={Springer Science \& Business Media}
}

@article{rahimian2019identifying,
  title={Identifying effective scenarios in distributionally robust stochastic programs with total variation distance},
  author={Rahimian, Hamed and Bayraksan, G{\"u}zin and Homem-de-Mello, Tito},
  journal={Mathematical Programming},
  volume={173},
  number={1},
  pages={393--430},
  year={2019},
  publisher={Springer}
}

@article{bertsimas2016reformulation,
  title={Reformulation versus cutting-planes for robust optimization},
  author={Bertsimas, Dimitris and Dunning, Iain and Lubin, Miles},
  journal={Computational Management Science},
  volume={13},
  number={2},
  pages={195--217},
  year={2016},
  publisher={Springer}
}

@inproceedings{zhang2014asynchronous,
  title={Asynchronous distributed {ADMM} for consensus optimization},
  author={Zhang, Ruiliang and Kwok, James},
  booktitle={International conference on machine learning},
  pages={1701--1709},
  year={2014},
  organization={PMLR}
}

@inproceedings{mcmahan2017communication,
  title={Communication-efficient learning of deep networks from decentralized data},
  author={McMahan, Brendan and Moore, Eider and Ramage, Daniel and Hampson, Seth and y Arcas, Blaise Aguera},
  booktitle={Artificial intelligence and statistics},
  pages={1273--1282},
  year={2017},
  organization={PMLR}
}

@inproceedings{qian2019robust,
  title={Robust optimization over multiple domains},
  author={Qian, Qi and Zhu, Shenghuo and Tang, Jiasheng and Jin, Rong and Sun, Baigui and Li, Hao},
  booktitle={Proceedings of the AAAI Conference on Artificial Intelligence},
  volume={33},
  number={01},
  pages={4739--4746},
  year={2019}
}

@inproceedings{mohri2019agnostic,
  title={Agnostic federated learning},
  author={Mohri, Mehryar and Sivek, Gary and Suresh, Ananda Theertha},
  booktitle={International Conference on Machine Learning},
  pages={4615--4625},
  year={2019},
  organization={PMLR}
}

@article{delage2010distributionally,
  title={Distributionally robust optimization under moment uncertainty with application to data-driven problems},
  author={Delage, Erick and Ye, Yinyu},
  journal={Operations research},
  volume={58},
  number={3},
  pages={595--612},
  year={2010},
  publisher={INFORMS}
}

@article{wiesemann2013robust,
  title={Robust {Markov} decision processes},
  author={Wiesemann, Wolfram and Kuhn, Daniel and Rustem, Ber{\c{c}}},
  journal={Mathematics of Operations Research},
  volume={38},
  number={1},
  pages={153--183},
  year={2013},
  publisher={INFORMS}
}

@article{ben1999robust,
  title={Robust solutions of uncertain linear programs},
  author={Ben-Tal, Aharon and Nemirovski, Arkadi},
  journal={Operations research letters},
  volume={25},
  number={1},
  pages={1--13},
  year={1999},
  publisher={Elsevier}
}

@article{mutapcic2009cutting,
  title={Cutting-set methods for robust convex optimization with pessimizing oracles},
  author={Mutapcic, Almir and Boyd, Stephen},
  journal={Optimization Methods \& Software},
  volume={24},
  number={3},
  pages={381--406},
  year={2009},
  publisher={Taylor \& Francis}
}

@article{mehrotra2014cutting,
  title={A cutting surface algorithm for semi-infinite convex programming with an application to moment robust optimization},
  author={Mehrotra, Sanjay and Papp, D{\'a}vid},
  journal={SIAM Journal on Optimization},
  volume={24},
  number={4},
  pages={1670--1697},
  year={2014},
  publisher={SIAM}
}

@inproceedings{burger2012distributed,
  title={Distributed robust optimization via cutting-plane consensus},
  author={B{\"u}rger, Mathias and Notarstefano, Giuseppe and Allg{\"o}wer, Frank},
  booktitle={2012 IEEE 51st IEEE Conference on Decision and Control (CDC)},
  pages={7457--7463},
  year={2012},
  organization={IEEE}
}

@book{schneider2007stochastic,
  title={Stochastic optimization},
  author={Schneider, Johannes and Kirkpatrick, Scott},
  year={2007},
  publisher={Springer Science \& Business Media}
}

@article{chen2012real,
  title={Real-time price-based demand response management for residential appliances via stochastic optimization and robust optimization},
  author={Chen, Zhi and Wu, Lei and Fu, Yong},
  journal={IEEE transactions on smart grid},
  volume={3},
  number={4},
  pages={1822--1831},
  year={2012},
  publisher={IEEE}
}

@article{bertsimas2011theory,
  title={Theory and applications of robust optimization},
  author={Bertsimas, Dimitris and Brown, David B and Caramanis, Constantine},
  journal={SIAM review},
  volume={53},
  number={3},
  pages={464--501},
  year={2011},
  publisher={SIAM}
}

@book{ben2009robust,
  title={Robust optimization},
  author={Ben-Tal, Aharon and El Ghaoui, Laurent and Nemirovski, Arkadi},
  year={2009},
  publisher={Princeton university press}
}

@book{boyd2011distributed,
  title={Distributed optimization and statistical learning via the alternating direction method of multipliers},
  author={Boyd, Stephen and Parikh, Neal and Chu, Eric},
  year={2011},
  publisher={Now Publishers Inc}
}

@article{ling2010decentralized,
  title={Decentralized sparse signal recovery for compressive sleeping wireless sensor networks},
  author={Ling, Qing and Tian, Zhi},
  journal={IEEE Transactions on Signal Processing},
  volume={58},
  number={7},
  pages={3816--3827},
  year={2010},
  publisher={IEEE}
}

@article{mateos2010distributed,
  title={Distributed sparse linear regression},
  author={Mateos, Gonzalo and Bazerque, Juan Andr{\'e}s and Giannakis, Georgios B},
  journal={IEEE Transactions on Signal Processing},
  volume={58},
  number={10},
  pages={5262--5276},
  year={2010},
  publisher={IEEE}
}

@article{zhu2010distributed,
  title={{Distributed consensus-based demodulation: Algorithms and error analysis}},
  author={Zhu, Hao and Cano, Alfonso and Giannakis, Georgios B},
  journal={IEEE Transactions on Wireless Communications},
  volume={9},
  number={6},
  pages={2044--2054},
  year={2010},
  publisher={IEEE}
}

@article{ma2018hybrid,
  title={Hybrid {ADMM}: {A} unifying and fast approach to decentralized optimization},
  author={Ma, Meng and Nikolakopoulos, Athanasios N and Giannakis, Georgios B},
  journal={EURASIP Journal on Advances in Signal Processing},
  volume={2018},
  number={1},
  pages={1--17},
  year={2018},
  publisher={Springer}
}

@article{chang2016asynchronous,
  title={Asynchronous distributed {ADMM} for large-scale optimization—{Part I: Algorithm} and convergence analysis},
  author={Chang, Tsung-Hui and Hong, Mingyi and Liao, Wei-Cheng and Wang, Xiangfeng},
  journal={IEEE Transactions on Signal Processing},
  volume={64},
  number={12},
  pages={3118--3130},
  year={2016},
  publisher={IEEE}
}

@inproceedings{matamoros2017asynchronous,
  title={Asynchronous online {ADMM} for consensus problems},
  author={Matamoros, Javier},
  booktitle={2017 IEEE International Conference on Acoustics, Speech and Signal Processing (ICASSP)},
  pages={5875--5879},
  year={2017},
  organization={IEEE}
}

@inproceedings{madras2018learning,
  title={Learning adversarially fair and transferable representations},
  author={Madras, David and Creager, Elliot and Pitassi, Toniann and Zemel, Richard},
  booktitle={International Conference on Machine Learning},
  pages={3384--3393},
  year={2018},
  organization={PMLR}
}

@article{li2019fedmd,
  title={Fedmd: Heterogenous federated learning via model distillation},
  author={Li, Daliang and Wang, Junpu},
  journal={arXiv preprint arXiv:1910.03581},
  year={2019}
}

@incollection{kuhn2019wasserstein,
  title={Wasserstein distributionally robust optimization: Theory and applications in machine learning},
  author={Kuhn, Daniel and Esfahani, Peyman Mohajerin and Nguyen, Viet Anh and Shafieezadeh-Abadeh, Soroosh},
  booktitle={Operations Research \& Management Science in the Age of Analytics},
  pages={130--166},
  year={2019},
  publisher={INFORMS}
}

@article{ben2000robust,
  title={Robust solutions of linear programming problems contaminated with uncertain data},
  author={Ben-Tal, Aharon and Nemirovski, Arkadi},
  journal={Mathematical programming},
  volume={88},
  number={3},
  pages={411--424},
  year={2000},
  publisher={Springer}
}

@article{nedic2009distributed,
  title={Distributed subgradient methods for multi-agent optimization},
  author={Nedic, Angelia and Ozdaglar, Asuman},
  journal={IEEE Transactions on Automatic Control},
  volume={54},
  number={1},
  pages={48--61},
  year={2009},
  publisher={IEEE}
}

@article{sicari2015security,
  title={Security, privacy and trust in {Internet} of {Things}: The road ahead},
  author={Sicari, Sabrina and Rizzardi, Alessandra and Grieco, Luigi Alfredo and Coen-Porisini, Alberto},
  journal={Computer networks},
  volume={76},
  pages={146--164},
  year={2015},
  publisher={Elsevier}
}

@article{lu2020hybrid,
  title={Hybrid block successive approximation for one-sided non-convex min-max problems: algorithms and applications},
  author={Lu, Songtao and Tsaknakis, Ioannis and Hong, Mingyi and Chen, Yongxin},
  journal={IEEE Transactions on Signal Processing},
  volume={68},
  pages={3676--3691},
  year={2020},
  publisher={IEEE}
}

@article{xu2021zeroth,
  title={Zeroth-Order Alternating Randomized Gradient Projection Algorithms for General Nonconvex-Concave Minimax Problems},
  author={Xu, Zi and Shen, Jingjing and Wang, Ziqi and Dai, Yuhong},
  journal={arXiv preprint arXiv:2108.00473},
  year={2021}
}

@article{deng2021distributionally,
  title={Distributionally robust federated averaging},
  author={Deng, Yuyang and Kamani, Mohammad Mahdi and Mahdavi, Mehrdad},
  journal={arXiv preprint arXiv:2102.12660},
  year={2021}
}

@book{bertsekas2009convex,
  title={Convex optimization theory},
  author={Bertsekas, Dimitri},
  volume={1},
  year={2009},
  publisher={Athena Scientific}
}

@inproceedings{chen2020asynchronous,
  title={Asynchronous online federated learning for edge devices with {Non-IID} data},
  author={Chen, Yujing and Ning, Yue and Slawski, Martin and Rangwala, Huzefa},
  booktitle={2020 IEEE International Conference on Big Data (Big Data)},
  pages={15--24},
  year={2020},
  organization={IEEE}
}

@article{karimireddy2019scaffold,
  title={{SCAFFOLD: Stochastic Controlled Averaging for On-Device Federated Learning.}},
  author={Karimireddy, Sai Praneeth and Kale, Satyen and Mohri, Mehryar and Reddi, Sashank J and Stich, Sebastian U and Suresh, Ananda Theertha},
  year={2019}
}

@book{boyd2004convex,
  title={Convex optimization},
  author={Boyd, Stephen and Boyd, Stephen P and Vandenberghe, Lieven},
  year={2004},
  publisher={Cambridge university press}
}

@inproceedings{shamir2014communication,
  title={Communication-efficient distributed optimization using an approximate newton-type method},
  author={Shamir, Ohad and Srebro, Nati and Zhang, Tong},
  booktitle={International conference on machine learning},
  pages={1000--1008},
  year={2014},
  organization={PMLR}
}

@article{krishnamoorthy2020sensitivity,
  title={Sensitivity Assisted Alternating Directions Method of Multipliers for Distributed Optimization and Statistical Learning},
  author={Krishnamoorthy, Dinesh and Kungurtsev, Vyacheslav},
  journal={arXiv preprint arXiv:2009.05845},
  year={2020}
}

@article{bottou2018optimization,
  title={Optimization methods for large-scale machine learning},
  author={Bottou, L{\'e}on and Curtis, Frank E and Nocedal, Jorge},
  journal={Siam Review},
  volume={60},
  number={2},
  pages={223--311},
  year={2018},
  publisher={SIAM}
}

@incollection{bottou2010large,
  title={Large-scale machine learning with stochastic gradient descent},
  author={Bottou, L{\'e}on},
  booktitle={Proceedings of COMPSTAT'2010},
  pages={177--186},
  year={2010},
  publisher={Springer}
}

@article{geraci2015energy,
  title={Energy efficiency of distributed signal processing in wireless networks: A cross-layer analysis},
  author={Geraci, Giovanni and Wildemeersch, Matthias and Quek, Tony QS},
  journal={IEEE Transactions on Signal Processing},
  volume={64},
  number={4},
  pages={1034--1047},
  year={2015},
  publisher={IEEE}
}

@article{casale2012personalization,
  title={Personalization and user verification in wearable systems using biometric walking patterns},
  author={Casale, Pierluigi and Pujol, Oriol and Radeva, Petia},
  journal={Personal and Ubiquitous Computing},
  volume={16},
  number={5},
  pages={563--580},
  year={2012},
  publisher={Springer}
}

@inproceedings{kaluvza2010agent,
  title={An agent-based approach to care in independent living},
  author={Kalu{\v{z}}a, Bo{\v{s}}tjan and Mirchevska, Violeta and Dovgan, Erik and Lu{\v{s}}trek, Mitja and Gams, Matja{\v{z}}},
  booktitle={International joint conference on ambient intelligence},
  pages={177--186},
  year={2010},
  organization={Springer}
}

@article{bertsimas2004price,
  title={The price of robustness},
  author={Bertsimas, Dimitris and Sim, Melvyn},
  journal={Operations research},
  volume={52},
  number={1},
  pages={35--53},
  year={2004},
  publisher={Informs}
}

@article{duchi2021learning,
  title={Learning models with uniform performance via distributionally robust optimization},
  author={Duchi, John C and Namkoong, Hongseok},
  journal={The Annals of Statistics},
  volume={49},
  number={3},
  pages={1378--1406},
  year={2021},
  publisher={Institute of Mathematical Statistics}
}

@article{zakaria2020uncertainty,
  title={Uncertainty models for stochastic optimization in renewable energy applications},
  author={Zakaria, A and Ismail, Firas B and Lipu, MS Hossain and Hannan, Mahammad Abdul},
  journal={Renewable Energy},
  volume={145},
  pages={1543--1571},
  year={2020},
  publisher={Elsevier}
}

@article{jaillet2016routing,
  title={Routing optimization under uncertainty},
  author={Jaillet, Patrick and Qi, Jin and Sim, Melvyn},
  journal={Operations research},
  volume={64},
  number={1},
  pages={186--200},
  year={2016},
  publisher={INFORMS}
}

@incollection{bertsimas2006robust,
  title={Robust and data-driven optimization: modern decision making under uncertainty},
  author={Bertsimas, Dimitris and Thiele, Aur{\'e}lie},
  booktitle={Models, methods, and applications for innovative decision making},
  pages={95--122},
  year={2006},
  publisher={INFORMS}
}

@article{sahinidis2004optimization,
  title={{Optimization under uncertainty: State-of-the-art and opportunities}},
  author={Sahinidis, Nikolaos V},
  journal={Computers \& Chemical Engineering},
  volume={28},
  number={6-7},
  pages={971--983},
  year={2004},
  publisher={Elsevier}
}

@article{yanikouglu2019survey,
  title={A survey of adjustable robust optimization},
  author={Yan{\i}ko{\u{g}}lu, {\.I}hsan and Gorissen, Bram L and den Hertog, Dick},
  journal={European Journal of Operational Research},
  volume={277},
  number={3},
  pages={799--813},
  year={2019},
  publisher={Elsevier}
}

@inproceedings{liu2020admm,
  title={An {ADMM} based framework for {AutoML} pipeline configuration},
  author={Liu, Sijia and Ram, Parikshit and Vijaykeerthy, Deepak and Bouneffouf, Djallel and Bramble, Gregory and Samulowitz, Horst and Wang, Dakuo and Conn, Andrew and Gray, Alexander},
  booktitle={Proceedings of the AAAI Conference on Artificial Intelligence},
  volume={34},
  number={04},
  pages={4892--4899},
  year={2020}
}

@article{yang2014distributed,
  title={Distributed robust optimization ({DRO}), part {I}: {Framework} and example},
  author={Yang, Kai and Huang, Jianwei and Wu, Yihong and Wang, Xiaodong and Chiang, Mung},
  journal={Optimization and Engineering},
  volume={15},
  number={1},
  pages={35--67},
  year={2014},
  publisher={Springer}
}

@inproceedings{xu2018fairgan,
  title={{FairGAN: Fairness-aware generative adversarial networks}},
  author={Xu, Depeng and Yuan, Shuhan and Zhang, Lu and Wu, Xintao},
  booktitle={2018 IEEE International Conference on Big Data (Big Data)},
  pages={570--575},
  year={2018},
  organization={IEEE}
}

@article{madry2017towards,
  title={Towards deep learning models resistant to adversarial attacks},
  author={Madry, Aleksander and Makelov, Aleksandar and Schmidt, Ludwig and Tsipras, Dimitris and Vladu, Adrian},
  journal={arXiv preprint arXiv:1706.06083},
  year={2017}
}

@article{goodfellow2014generative,
  title={Generative adversarial nets},
  author={Goodfellow, Ian and Pouget-Abadie, Jean and Mirza, Mehdi and Xu, Bing and Warde-Farley, David and Ozair, Sherjil and Courville, Aaron and Bengio, Yoshua},
  journal={Advances in neural information processing systems},
  volume={27},
  year={2014}
}

@article{goldstein2014fast,
  title={Fast alternating direction optimization methods},
  author={Goldstein, Tom and O'Donoghue, Brendan and Setzer, Simon and Baraniuk, Richard},
  journal={SIAM Journal on Imaging Sciences},
  volume={7},
  number={3},
  pages={1588--1623},
  year={2014},
  publisher={SIAM}
}

@article{gjoreski2018university,
  title={The university of sussex-huawei locomotion and transportation dataset for multimodal analytics with mobile devices},
  author={Gjoreski, Hristijan and Ciliberto, Mathias and Wang, Lin and Morales, Francisco Javier Ordonez and Mekki, Sami and Valentin, Stefan and Roggen, Daniel},
  journal={IEEE Access},
  volume={6},
  pages={42592--42604},
  year={2018},
  publisher={IEEE}
}

@article{ben2013robust,
  title={Robust solutions of optimization problems affected by uncertain probabilities},
  author={Ben-Tal, Aharon and Den Hertog, Dick and De Waegenaere, Anja and Melenberg, Bertrand and Rennen, Gijs},
  journal={Management Science},
  volume={59},
  number={2},
  pages={341--357},
  year={2013},
  publisher={INFORMS}
}

@article{subramanya2021centralized,
  title={Centralized and federated learning for predictive {VNF} autoscaling in multi-domain {5G} networks and beyond},
  author={Subramanya, Tejas and Riggio, Roberto},
  journal={IEEE Transactions on Network and Service Management},
  volume={18},
  number={1},
  pages={63--78},
  year={2021},
  publisher={IEEE}
}

@article{xiao2017fashion,
  title={Fashion-{MNIST}: {A} novel image dataset for benchmarking machine learning algorithms},
  author={Xiao, Han and Rasul, Kashif and Vollgraf, Roland},
  journal={arXiv preprint arXiv:1708.07747},
  year={2017}
}

@inproceedings{wang2019neural,
  title={Neural cleanse: Identifying and mitigating backdoor attacks in neural networks},
  author={Wang, Bolun and Yao, Yuanshun and Shan, Shawn and Li, Huiying and Viswanath, Bimal and Zheng, Haitao and Zhao, Ben Y},
  booktitle={2019 IEEE Symposium on Security and Privacy (SP)},
  pages={707--723},
  year={2019},
  organization={IEEE}
}

@article{dai2019backdoor,
  title={A backdoor attack against {LSTM}-based text classification systems},
  author={Dai, Jiazhu and Chen, Chuanshuai and Li, Yufeng},
  journal={IEEE Access},
  volume={7},
  pages={138872--138878},
  year={2019},
  publisher={IEEE}
}

@inproceedings{chen2022single,
  title={A single-timescale method for stochastic bilevel optimization},
  author={Chen, Tianyi and Sun, Yuejiao and Xiao, Quan and Yin, Wotao},
  booktitle={International Conference on Artificial Intelligence and Statistics},
  pages={2466--2488},
  year={2022},
  organization={PMLR}
}

@inproceedings{franceschi2018bilevel,
  title={Bilevel programming for hyperparameter optimization and meta-learning},
  author={Franceschi, Luca and Frasconi, Paolo and Salzo, Saverio and Grazzi, Riccardo and Pontil, Massimiliano},
  booktitle={International Conference on Machine Learning},
  pages={1568--1577},
  year={2018},
  organization={PMLR}
}

@article{wang2021discriminative,
  title={Discriminative feature alignment: Improving transferability of unsupervised domain adaptation by Gaussian-guided latent alignment},
  author={Wang, Jing and Chen, Jiahong and Lin, Jianzhe and Sigal, Leonid and de Silva, Clarence W},
  journal={Pattern Recognition},
  volume={116},
  pages={107943},
  year={2021},
  publisher={Elsevier}
}



@inproceedings{zhang2022revisiting,
  title={Revisiting and advancing fast adversarial training through the lens of bi-level optimization},
  author={Zhang, Yihua and Zhang, Guanhua and Khanduri, Prashant and Hong, Mingyi and Chang, Shiyu and Liu, Sijia},
  booktitle={International Conference on Machine Learning},
  pages={26693--26712},
  year={2022},
  organization={PMLR}
}

@article{xu2023unified,
  title={A unified single-loop alternating gradient projection algorithm for nonconvex--concave and convex--nonconcave minimax problems},
  author={Xu, Zi and Zhang, Huiling and Xu, Yang and Lan, Guanghui},
  journal={Mathematical Programming},
  pages={1--72},
  year={2023},
  publisher={Springer}
}

@inproceedings{mehra2021penalty,
  title={Penalty method for inversion-free deep bilevel optimization},
  author={Mehra, Akshay and Hamm, Jihun},
  booktitle={Asian Conference on Machine Learning},
  pages={347--362},
  year={2021},
  organization={PMLR}
}

@article{saheya2019neural,
  title={Neural network based on systematically generated smoothing functions for absolute value equation},
  author={Saheya, B and Nguyen, Chieu Thanh and Chen, Jein-Shan},
  journal={Journal of Applied Mathematics and Computing},
  volume={61},
  number={1},
  pages={533--558},
  year={2019},
  publisher={Springer}
}

@article{lecun1998gradient,
  title={Gradient-based learning applied to document recognition},
  author={LeCun, Yann and Bottou, L{\'e}on and Bengio, Yoshua and Haffner, Patrick},
  journal={Proceedings of the IEEE},
  volume={86},
  number={11},
  pages={2278--2324},
  year={1998},
  publisher={Ieee}
}


@article{netzer2011reading,
  title={Reading digits in natural images with unsupervised feature learning},
  author={Netzer, Yuval and Wang, Tao and Coates, Adam and Bissacco, Alessandro and Wu, Bo and Ng, Andrew Y},
  year={2011}
}

@inproceedings{jagielski2018manipulating,
  title={Manipulating machine learning: Poisoning attacks and countermeasures for regression learning},
  author={Jagielski, Matthew and Oprea, Alina and Biggio, Battista and Liu, Chang and Nita-Rotaru, Cristina and Li, Bo},
  booktitle={2018 IEEE Symposium on Security and Privacy (SP)},
  pages={19--35},
  year={2018},
  organization={IEEE}
}

@article{davis2019stochastic,
  title={Stochastic model-based minimization of weakly convex functions},
  author={Davis, Damek and Drusvyatskiy, Dmitriy},
  journal={SIAM Journal on Optimization},
  volume={29},
  number={1},
  pages={207--239},
  year={2019},
  publisher={SIAM}
}

@inproceedings{bagdasaryan2020backdoor,
  title={How to backdoor federated learning},
  author={Bagdasaryan, Eugene and Veit, Andreas and Hua, Yiqing and Estrin, Deborah and Shmatikov, Vitaly},
  booktitle={International Conference on Artificial Intelligence and Statistics},
  pages={2938--2948},
  year={2020},
  organization={PMLR}
}

@article{assran2020advances,
  title={Advances in asynchronous parallel and distributed optimization},
  author={Assran, Mahmoud and Aytekin, Arda and Feyzmahdavian, Hamid Reza and Johansson, Mikael and Rabbat, Michael G},
  journal={Proceedings of the IEEE},
  volume={108},
  number={11},
  pages={2013--2031},
  year={2020},
  publisher={IEEE}
}

@article{scalabrini2019prediction,
  title={Prediction of motor failure time using an artificial neural network},
  author={Scalabrini Sampaio, Gustavo and Vallim Filho, Arnaldo Rabello de Aguiar and Santos da Silva, Leilton and Augusto da Silva, Leandro},
  journal={Sensors},
  volume={19},
  number={19},
  pages={4342},
  year={2019},
  publisher={MDPI}
}


@article{coraddu2016machine,
  title={Machine learning approaches for improving condition-based maintenance of naval propulsion plants},
  author={Coraddu, Andrea and Oneto, Luca and Ghio, Aessandro and Savio, Stefano and Anguita, Davide and Figari, Massimo},
  journal={Proceedings of the Institution of Mechanical Engineers, Part M: Journal of Engineering for the Maritime Environment},
  volume={230},
  number={1},
  pages={136--153},
  year={2016},
  publisher={SAGE Publications Sage UK: London, England}
}

@ARTICLE{726791,
  author={Lecun, Y. and Bottou, L. and Bengio, Y. and Haffner, P.},
  journal={Proceedings of the IEEE}, 
  title={Gradient-based learning applied to document recognition}, 
  year={1998},
  volume={86},
  number={11},
  pages={2278-2324},
  doi={10.1109/5.726791}}

@article{blair1992computational,
  title={The computational complexity of multi-level linear programs.},
  author={Blair, Charles},
  journal={Annals of Operations Research},
  volume={34},
  year={1992}
}

@article{sinha2017review,
  title={A review on bilevel optimization: From classical to evolutionary approaches and applications},
  author={Sinha, Ankur and Malo, Pekka and Deb, Kalyanmoy},
  journal={IEEE Transactions on Evolutionary Computation},
  volume={22},
  number={2},
  pages={276--295},
  year={2017},
  publisher={IEEE}
}

@inproceedings{he2020momentum,
  title={Momentum contrast for unsupervised visual representation learning},
  author={He, Kaiming and Fan, Haoqi and Wu, Yuxin and Xie, Saining and Girshick, Ross},
  booktitle={Proceedings of the IEEE/CVF conference on computer vision and pattern recognition},
  pages={9729--9738},
  year={2020}
}

@article{brown2020language,
  title={Language models are few-shot learners},
  author={Brown, Tom and Mann, Benjamin and Ryder, Nick and Subbiah, Melanie and Kaplan, Jared D and Dhariwal, Prafulla and Neelakantan, Arvind and Shyam, Pranav and Sastry, Girish and Askell, Amanda and others},
  journal={Advances in neural information processing systems},
  volume={33},
  pages={1877--1901},
  year={2020}
}

@article{su2022gba,
  title={GBA: A Tuning-free Approach to Switch between Synchronous and Asynchronous Training for Recommendation Models},
  author={Su, Wenbo and Zhang, Yuanxing and Cai, Yufeng and Ren, Kaixu and Wang, Pengjie and Yi, Huimin and Song, Yue and Chen, Jing and Deng, Hongbo and Xu, Jian and others},
  journal={Advances in Neural Information Processing Systems},
  volume={35},
  pages={29525--29537},
  year={2022}
}

@article{gould2016differentiating,
  title={On differentiating parameterized argmin and argmax problems with application to bi-level optimization},
  author={Gould, Stephen and Fernando, Basura and Cherian, Anoop and Anderson, Peter and Cruz, Rodrigo Santa and Guo, Edison},
  journal={arXiv preprint arXiv:1607.05447},
  year={2016}
}

@inproceedings{jiao2022asynchronous,
  title={Asynchronous Distributed Bilevel Optimization},
  author={Jiao, Yang and Yang, Kai and Wu, Tiancheng and Song, Dongjin and Jian, Chengtao},
  booktitle={The Eleventh International Conference on Learning Representations},
  year={2022}
}


@article{nesterov1998introductory,
  title={Introductory lectures on convex programming volume i: Basic course},
  author={Nesterov, Yurii},
  journal={Lecture notes},
  volume={3},
  number={4},
  pages={5},
  year={1998}
}

@article{bohm2021variable,
  title={Variable smoothing for weakly convex composite functions},
  author={B{\"o}hm, Axel and Wright, Stephen J},
  journal={Journal of optimization theory and applications},
  volume={188},
  pages={628--649},
  year={2021},
  publisher={Springer}
}

@inproceedings{han2020adaptive,
  title={Adaptive gradient sparsification for efficient federated learning: An online learning approach},
  author={Han, Pengchao and Wang, Shiqiang and Leung, Kin K},
  booktitle={2020 IEEE 40th international conference on distributed computing systems (ICDCS)},
  pages={300--310},
  year={2020},
  organization={IEEE}
}

@book{arora2009computational,
  title={Computational complexity: a modern approach},
  author={Arora, Sanjeev and Barak, Boaz},
  year={2009},
  publisher={Cambridge University Press}
}

@article{ben1990computational,
  title={Computational difficulties of bilevel linear programming},
  author={Ben-Ayed, Omar and Blair, Charles E},
  journal={Operations Research},
  volume={38},
  number={3},
  pages={556--560},
  year={1990},
  publisher={INFORMS}
}

@article{han2023fedal,
  title={FedAL: Black-Box Federated Knowledge Distillation Enabled by Adversarial Learning},
  author={Han, Pengchao and Shi, Xingyan and Huang, Jianwei},
  journal={arXiv preprint arXiv:2311.16584},
  year={2023}
}

@inproceedings{tarzanagh2022fednest,
  title={Fednest: Federated bilevel, minimax, and compositional optimization},
  author={Tarzanagh, Davoud Ataee and Li, Mingchen and Thrampoulidis, Christos and Oymak, Samet},
  booktitle={International Conference on Machine Learning},
  pages={21146--21179},
  year={2022},
  organization={PMLR}
}

@inproceedings{wang2017time,
  title={Time series classification from scratch with deep neural networks: A strong baseline},
  author={Wang, Zhiguang and Yan, Weizhong and Oates, Tim},
  booktitle={2017 International joint conference on neural networks (IJCNN)},
  pages={1578--1585},
  year={2017},
  organization={IEEE}
}