%% Created for Prasanta Ghosh on -01-20

@article{berard2018end,
	title={End-to-end automatic speech translation of audiobooks},
	author={B{\'e}rard, Alexandre and Besacier, Laurent and Kocabiyikoglu, Ali Can and Pietquin, Olivier},
	journal={In Proceedings of ICASSP},
	pages={6224--6228},
	year={2018},
}


@article{weiss2017sequence,
	title={Sequence-to-sequence models can directly translate foreign speech},
	author={Weiss, Ron J and Chorowski, Jan and Jaitly, Navdeep and Wu, Yonghui and Chen, Zhifeng},
	journal={In Proceedings of Interspeech},
	pages={2625--2629},
	year={2017}
}

@article{berard2016listen,
	title={Listen and translate: A proof of concept for end-to-end speech-to-text translation},
	author={B{\'e}rard, Alexandre and Pietquin, Olivier and Servan, Christophe and Besacier, Laurent},
	journal={In Proceedings of NIPS},
	year={2016}
}

@article{bansal2018pre,
	title={Pre-training on high-resource speech recognition improves low-resource speech-to-text translation},
	author={Bansal, Sameer and Kamper, Herman and Livescu, Karen and Lopez, Adam and Goldwater, Sharon},
	journal={In Proceedings of NAACL},
	pages={58--68},
	year={2018}
}

@article{kocabiyikoglu2018augmenting,
	title={Augmenting Librispeech with French translations: A multimodal corpus for direct speech translation evaluation},
	author={Kocabiyikoglu, Ali Can and Besacier, Laurent and Kraif, Olivier},
	journal={In Language Resources and Evaluation},
	year={2018}
}

@article{bansal2017towards,
	title={Towards speech-to-text translation without speech recognition},
	author={Bansal, Sameer and Kamper, Herman and Lopez, Adam and Goldwater, Sharon},
	journal={In Proceedings of EACL},
	pages={474--479},
	year={2017}
}

@article{anastasopoulos2016unsupervised,
	title={An unsupervised probability model for speech-to-translation alignment of low-resource languages},
	author={Anastasopoulos, Antonios and Chiang, David and Duong, Long},
	journal={In Proceedings of EMNLP},
	year={2016}
}

@article{duong2016attentional,
	title={An attentional model for speech translation without transcription},
	author={Duong, Long and Anastasopoulos, Antonios and Chiang, David and Bird, Steven and Cohn, Trevor},
	journal={In Proceedings of NAACL},
	pages={949--959},
	year={2016}
}

@article{chan2016listen,
	title={Listen, attend and spell: A neural network for large vocabulary conversational speech recognition},
	author={Chan, William and Jaitly, Navdeep and Le, Quoc and Vinyals, Oriol},
	journal={In Proceedings of ICASSP},
	pages={4960--4964},
	year={2016},
}

@article{bahdanau2016end,
	title={End-to-end attention-based large vocabulary speech recognition},
	author={Bahdanau, Dzmitry and Chorowski, Jan and Serdyuk, Dmitriy and Brakel, Philemon and Bengio, Yoshua},
	journal={In Proceedings of ICASSP},
	pages={4945--4949},
	year={2016},
}

@article{anil2018large,
	title={Large scale distributed neural network training through online distillation},
	author={Anil, Rohan and Pereyra, Gabriel and Passos, Alexandre and Ormandi, Robert and Dahl, George E and Hinton, Geoffrey E},
	journal={arXiv preprint arXiv:1804.03235},
	year={2018}
}


@article{papineni2002bleu,
	title={BLEU: a method for automatic evaluation of machine translation},
	author={Papineni, Kishore and Roukos, Salim and Ward, Todd and Zhu, Wei-Jing},
	journal={In Proceedings of ACL},
	pages={311--318},
	year={2002},
}

@article{sennrich2015neural,
	title={Neural machine translation of rare words with subword units},
	author={Sennrich, Rico and Haddow, Barry and Birch, Alexandra and  Haddow, Barry},
	journal={In Proceedings of ACL},
	pages={1715--1725},
	year={2016}
}

@article{sutskever2014sequence,
	title={Sequence to sequence learning with neural networks},
	author={Sutskever, Ilya and Vinyals, Oriol and Le, Quoc V},
	journal={In Proceedings of NIPS},
	pages={3104--3112},
	year={2014}
}

@article{vaswani2017attention,
	title={Attention is all you need},
	author={Vaswani, Ashish and Shazeer, Noam and Parmar, Niki and Uszkoreit, Jakob and Jones, Llion and Gomez, Aidan N and Kaiser, {\L}ukasz and Polosukhin, Illia},
	journal={In Proceedings of NIPS},
	pages={5998--6008},
	year={2017}
}

@article{dong2018speech,
	title={Speech-transformer: a no-recurrence sequence-to-sequence model for speech recognition},
	author={Dong, Linhao and Xu, Shuang and Xu, Bo},
	journal={In Proceedings of ICASSP},
	pages={5884--5888},
	year={2018},
}

@article{Bahdanau:2015,
	author  = {Dzmitry Bahdanau and Kyunghyun Cho and Yoshua Bengio},
	title   = {Neural machine translation by jointly learning to align and translate},
	year    = "2015",
	volume  = "",
	journal = {In Proceedings of ICLR},
	address = {}
}

@article{Wu:2016,
	author  = {Yonghui Wu and Mike Schuster and Zhifeng Chen and Quoc V. Le and Mohammad Norouzi, et al},
	title   = {Googleâ€™s neural machine translation system: bridging the gap between human and machine translation},
	year    = "2016",
	volume  = "",
	journal = {arXiv preprint arXix:1609.08144},
	address = {}
}

@article{chiu2017state,
	author={Chiu, Chung-Cheng and Sainath, Tara N and Wu, Yonghui and Prabhavalkar, Rohit and Nguyen, Patrick and Chen, Zhifeng and Kannan, Anjuli and Weiss, Ron J and Rao, Kanishka and Gonina, Katya and others},
	title={State-of-the-art speech recognition with sequence-to-sequence models},
	journal={In Proceedings of ICASSP},
	year={2017}
}


@article{zhou2018syllable,
	title={Syllable-based sequence-to-sequence speech recognition with the transformer in Mandarin Chinese},
	author={Zhou, Shiyu and Dong, Linhao and Xu, Shuang and Xu, Bo},
	journal={In Proceedings of Interspeech},
	pages={791--795},
	year={2018}
}

@article{sak2015fast,
	title={Fast and accurate recurrent neural network acoustic models for speech recognition},
	author={Sak, Ha{\c{s}}im and Senior, Andrew and Rao, Kanishka and Beaufays, Fran{\c{c}}oise},
	journal={In Proceedings of ICASSP},
	pages={1468--1472},
	year={2015}
}

@article{kannan2018analysis,
	title={An analysis of incorporating an external language model into a sequence-to-sequence model},
	author={Kannan, Anjuli and Wu, Yonghui and Nguyen, Patrick and Sainath, Tara N and Chen, ZhiJeng and Prabhavalkar, Rohit},
	journal={In Proceedings of ICASSP},
	pages={1--5828},
	year={2018},
}

@article{kingma2014adam,
	title={Adam: A method for stochastic optimization},
	author={Kingma, Diederik P and Ba, Jimmy},
	journal={In Proceedings of ICLR},
	year={2015}
}

@article{Panayotov2015Librispeech,
	title={Librispeech: An ASR corpus based on public domain audio books},
	author={Panayotov, Vassil and Chen, Guoguo and Povey, Daniel and Khudanpur, Sanjeev},
	journal={In Proceedings of ICASSP},
	pages={5206--5210},
	year={2015}
}

@article{zhang2015deep,
	title={Deep neural networks in machine translation: An overview},
	author={Zhang, Jiajun and Zong, Chengqing},
	journal={In IEEE Intelligent Systems},
	pages={16--25},
	year={2015},
	publisher={IEEE}
}

@article{1999The,
	title={The Technical Analysis on Automatic Spoken Language Translation Systems (in Chinese)},
	author={Zong, Chengqing and Huang, Taiyi and Xu, Bo and Xu, Bo},
	journal={In Journal of Chinese Information Processing},
	year={1999},
}

@article{post2013improved,
	title={Improved speech-to-text translation with the Fisher and Callhome Spanish--English speech translation corpus},
	author={Post, Matt and Kumar, Gaurav and Lopez, Adam and Karakos, Damianos and Callison-Burch, Chris and Khudanpur, Sanjeev},
	journal={In Proceedings of IWSLT},
	year={2013}
}


@article{anastasopoulos2018tied,
	title={TIED MULTITASK LEARNING FOR NEURAL SPEECH TRANSLATION},
	author={Antonios {Anastasopoulos} and David {Chiang}},
	journal={In Proceedings of NAACL},
	volume={1},
	pages={82--91},
	year={2018}
}

@article{anastasopoulos2018leveraging,
	title={Leveraging translations for speech transcription in low-resource settings},
	author={Anastasopoulos, Antonis and Chiang, David},
	journal={In Proceedings of Interspeech},
	pages={1279--1283},
	year={2018}
}


@article{sperber2019attention,
	title={Attention-Passing Models for Robust and Data-Efficient End-to-End Speech Translation},
	author={Matthias {Sperber} and Graham {Neubig} and Jan {Niehues} and Alex {Waibel}},
	journal={Transactions of ACL},
	volume={7},
	pages={313--325},
	year={2019}
}


@article{kano2017structured,
	title={Structured-Based Curriculum Learning for End-to-End English-Japanese Speech Translation},
	author={Takatomo {Kano} and Sakriani {Sakti} and Satoshi {Nakamura}},
	journal={In Proceedings of Interspeech},
	pages={2630--2634},
	year={2017}
}


@article{jia2019leveraging,
	title={Leveraging Weakly Supervised Data to Improve End-to-end Speech-to-text Translation},
	author={Ye {Jia} and Melvin {Johnson} and Wolfgang {Macherey} and Ron J. {Weiss} and Yuan {Cao} and Chung-Cheng {Chiu} and Naveen {Ari} and Stella Marie {Laurenzo} and Yonghui {Wu}},
	journal={In Proceedings of ICASSP},
	pages={7180--7184},
	year={2019}
}


@article{zhou2019synchronous,
	title={Synchronous bidirectional neural machine translation},
	author={Zhou, Long and Zhang, Jiajun and Zong, Chengqing},
	journal={Transactions of ACL},
	volume={7},
	pages={91--105},
	year={2019},
	publisher={MIT Press}
}


@article{zhang2019synchronous,
	title={Synchronous Bidirectional Inference for Neural Sequence Generation},
	author={Zhang, Jiajun and Zhou, Long and Zhao, Yang and Zong, Chengqing},
	journal={arXiv preprint arXiv:1902.08955},
	year={2019}
}


@article{ma2018stacl,
	title={STACL: Simultaneous Translation with Implicit Anticipation and Controllable Latency Using Prefix-to-Prefix Framework},
	author={Mingbo {Ma} and Liang {Huang} and Hao {Xiong} and Kaibo {Liu} and Chuanqiang {Zhang} and Zhongjun {He} and Hairong {Liu} and Xing {Li} and Haifeng {Wang}},
	journal={in Proceddings of ACL},
	pages={3025-3036},
	year={2019}
}

@article{gangi2019must,
	title={MuST-C: a Multilingual Speech Translation Corpus},
	author={Mattia Antonino Di {Gangi} and Roldano {Cattoni} and Luisa {Bentivogli} and Matteo {Negri} and Marco {Turchi}},
	journal={In Proceedings of NAACL},
	pages={2012--2017},
	year={2019}
}

@article{dong2015multi,
  title={Multi-task learning for multiple language translation},
  author={Dong, Daxiang and Wu, Hua and He, Wei and Yu, Dianhai and Wang, Haifeng},
  journal={In Proceedings of ACL},
  pages={1723--1732},
  year={2015}
}

@article{luong2015multi,
  title={Multi-task sequence to sequence learning},
  author={Luong, Minh-Thang and Le, Quoc V and Sutskever, Ilya and Vinyals, Oriol and Kaiser, Lukasz},
  journal={In Proceedings of ICLR},
  year={2016}
}

@article{kim2017joint,
  title={Joint CTC-attention based end-to-end speech recognition using multi-task learning},
  author={Kim, Suyoun and Hori, Takaaki and Watanabe, Shinji},
  journal={In Proceedings of ICASSP)},
  pages={4835--4839},
  year={2017},
  organization={IEEE}
}

@article{pasunuru2017multi,
  title={Multi-task video captioning with video and entailment generation},
  author={Pasunuru, Ramakanth and Bansal, Mohit},
  journal={In Proceedings of ACL},
  year={2017}
}

@article{ba2016layer,
  title={Layer normalization},
  author={Ba, Jimmy Lei and Kiros, Jamie Ryan and Hinton, Geoffrey E},
  journal={arXiv preprint arXiv:1607.06450},
  year={2016}
}

@article{he2016deep,
  title={Deep residual learning for image recognition},
  author={He, Kaiming and Zhang, Xiangyu and Ren, Shaoqing and Sun, Jian},
  journal={In Proceedings of CVPR},
  pages={770--778},
  year={2016}
}

@article{liu2019end,
	title={End-to-End Speech Translation with Knowledge Distillation},
	author={Yuchen {Liu} and Hao {Xiong} and Jiajun {Zhang} and Zhongjun {He} and Hua {Wu} and Haifeng {Wang} and Chengqing {Zong}},
	journal={In Proceedings of Interspeech},
	pages={1128-1132},
	year={2019}
}

@article{wang2019synchronously,
	title={Synchronously Generating Two Languages with Interactive Decoding},
	author={Yining {Wang} and Jiajun {Zhang} and Long {Zhou} and Yuchen {Liu} and Chengqing {Zong}},
	journal={In Proceedings of EMNLP},
	pages={3341--3346},
	year={2019}
}



