@article{cohen2019certified,
  title={Certified adversarial robustness via randomized smoothing},
  author={Cohen, Jeremy M and Rosenfeld, Elan and Kolter, J Zico},
  journal={arXiv preprint arXiv:1902.02918},
  year={2019}
}

@inproceedings{jia2020certified,
  title={Certified Robustness for Top-k Predictions against Adversarial Perturbations via Randomized Smoothing},
  author={Jinyuan Jia and Xiaoyu Cao and Binghui Wang and Neil Zhenqiang Gong},
  booktitle={ICLR},
  year={2020}
}

@inproceedings{fang2019local,
  title={Local model poisoning attacks to Byzantine-robust federated learning},
  author={Fang, Minghong and Cao, Xiaoyu and Jia, Jinyuan and Gong, Neil Zhenqiang},
  booktitle={USENIX Security},
  year={2020}
}

@inproceedings{mcmahan2016communication,
  title={Communication-efficient learning of deep networks from decentralized data},
  author={McMahan, H Brendan and Moore, Eider and Ramage, Daniel and Hampson, Seth and others},
  booktitle={AISTATS},
  year={2017}
}

@inproceedings{guha2019one,
  title={One-shot federated learning},
  author={Guha, Neel and Talwlkar, Ameet and Smith, Virginia},
  booktitle={2nd Workshop on Machine Learning on the Phone and other Consumer Devices, NeurIPs},
  year={2018}
}

@inproceedings{konevcny2016federated,
  title={Federated learning: Strategies for improving communication efficiency},
  author={Kone{\v{c}}n{\`y}, Jakub and McMahan, H Brendan and Yu, Felix X and Richt{\'a}rik, Peter and Suresh, Ananda Theertha and Bacon, Dave},
  booktitle={NeurIPS Workshop on Private Multi-Party Machine Learning},
  year={2016}
}

@inproceedings{Bagdasaryan18,
  title={How to backdoor federated learning},
  author={Bagdasaryan, Eugene and Veit, Andreas and Hua, Yiqing and Estrin, Deborah and Shmatikov, Vitaly},
  booktitle={AISTATS},
  year={2020}
}

@inproceedings{Bhagoji19,
	Author = {Arjun Bhagoji and Supriyo Chakraborty and Prateek Mittal and Seraphin Calo},
	Booktitle = {ICML},
	Title = {Analyzing Federated Learning through an Adversarial Lens},
	Year = {2019}
}


@inproceedings{biggio2012poisoning,
	Author = {Biggio, Battista and Nelson, Blaine and Laskov, Pavel},
	Booktitle = {ICML},
	Title = {Poisoning attacks against support vector machines},
	Year = {2012}
}

@inproceedings{poisoningattackRecSys16,
	Author = {Bo Li and Yining Wang and Aarti Singh and Yevgeniy Vorobeychik},
	Booktitle = {NeurIPS},
	Title = {Data Poisoning Attacks on Factorization-Based Collaborative Filtering},
	Year = {2016}
}

@inproceedings{xiao2015feature,
	Author = {Xiao, Huang and Biggio, Battista and Brown, Gavin and Fumera, Giorgio and Eckert, Claudia and Roli, Fabio},
	Booktitle = {ICML},
	Title = {Is feature selection secure against training data poisoning?},
	Year = {2015}
}

@inproceedings{Blanchard17,
	Author = {Peva Blanchard and El Mahdi El Mhamdi and Rachid Guerraoui and Julien Stainer},
	Booktitle = {NeurIPS},
	Title = {Machine Learning with Adversaries: Byzantine Tolerant Gradient Descent},
	Year = {2017}
}

@inproceedings{ChenPOMACS17,
	Author = {Yudong Chen and Lili Su and Jiaming Xu},
	Booktitle = {POMACS},
	Title = {Distributed Statistical Machine Learning in Adversarial Settings: Byzantine Gradient Descent},
	Year = {2017}
}

@inproceedings{Mhamdi18,
	Author = {El Mahdi El Mhamdi and Rachid Guerraoui and S{\'e}bastien Rouault},
	Booktitle = {ICML},
	Title = {The Hidden Vulnerability of Distributed Learning in Byzantium},
	Year = {2018}
}

@inproceedings{Yin18,
	Author = {Dong Yin and Yudong Chen and Kannan Ramchandran and Peter Bartlett},
	Booktitle = {ICML},
	Title = {Byzantine-Robust Distributed Learning: Towards Optimal Statistical Rates},
	Year = {2018}
}

@inproceedings{wang2020federated,
  title={Federated Learning with Matched Averaging},
  author={Wang, Hongyi and Yurochkin, Mikhail and Sun, Yuekai and Papailiopoulos, Dimitris and Khazaeni, Yasaman},
  Booktitle={ICLR},
  year={2020}
}

@inproceedings{yurochkin2019bayesian,
  title={Bayesian Nonparametric Federated Learning of Neural Networks},
  author={Yurochkin, Mikhail and Agarwal, Mayank and Ghosh, Soumya and Greenewald, Kristjan and Hoang, Nghia and Khazaeni, Yasaman},
  booktitle={ICML},
  year={2019}
}

@inproceedings{smith2017federated,
  title={Federated multi-task learning},
  author={Smith, Virginia and Chiang, Chao-Kai and Sanjabi, Maziar and Talwalkar, Ameet S},
  booktitle={NeurIPS},
  year={2017}
}

@inproceedings{li2019convergence,
  title={On the convergence of fedavg on non-iid data},
  author={Li, Xiang and Huang, Kaixuan and Yang, Wenhao and Wang, Shusen and Zhang, Zhihua},
  booktitle={ICLR},
  year={2020}
}

@article{sahu2018convergence,
  title={On the convergence of federated optimization in heterogeneous networks},
  author={Sahu, Anit Kumar and Li, Tian and Sanjabi, Maziar and Zaheer, Manzil and Talwalkar, Ameet and Smith, Virginia},
  journal={arXiv preprint arXiv:1812.06127},
  year={2018}
}

@inproceedings{mohri2019agnostic,
  title={Agnostic Federated Learning},
  author={Mohri, Mehryar and Sivek, Gary and Suresh, Ananda Theertha},
  booktitle={ICML},
  year={2019}
}

@inproceedings{bernstein2018signsgd,
  title={signSGD: Compressed Optimisation for Non-Convex Problems},
  author={Bernstein, Jeremy and Wang, Yu-Xiang and Azizzadenesheli, Kamyar and Anandkumar, Animashree},
  booktitle={ICML},
  year={2018}
}

@inproceedings{wen2017terngrad,
  title={Terngrad: Ternary gradients to reduce communication in distributed deep learning},
  author={Wen, Wei and Xu, Cong and Yan, Feng and Wu, Chunpeng and Wang, Yandan and Chen, Yiran and Li, Hai},
  booktitle={NeurIPS},
  year={2017}
}

@inproceedings{alistarh2017qsgd,
  title={QSGD: Communication-efficient SGD via gradient quantization and encoding},
  author={Alistarh, Dan and Grubic, Demjan and Li, Jerry and Tomioka, Ryota and Vojnovic, Milan},
  booktitle={NeurIPS},
  year={2017}
}

@inproceedings{bonawitz2017practical,
  title={Practical secure aggregation for privacy-preserving machine learning},
  author={Bonawitz, Keith and Ivanov, Vladimir and Kreuter, Ben and Marcedone, Antonio and McMahan, H Brendan and Patel, Sarvar and Ramage, Daniel and Segal, Aaron and Seth, Karn},
  booktitle={CCS},
  year={2017}
}

@article{geyer2017differentially,
  title={Differentially private federated learning: A client level perspective},
  author={Geyer, Robin C and Klein, Tassilo and Nabi, Moin},
  journal={arXiv preprint arXiv:1712.07557},
  year={2017}
}

@inproceedings{hitaj2017deep,
  title={Deep models under the GAN: information leakage from collaborative deep learning},
  author={Hitaj, Briland and Ateniese, Giuseppe and Perez-Cruz, Fernando},
  booktitle={CCS},
  year={2017}
}

@inproceedings{melis2019exploiting,
  title={Exploiting unintended feature leakage in collaborative learning},
  author={Melis, Luca and Song, Congzheng and De Cristofaro, Emiliano and Shmatikov, Vitaly},
  booktitle={IEEE S\&P},
  year={2019}
}

@inproceedings{Xie19,
	Author = {Cong Xie and Sanmi Koyejo and Indranil Gupta},
	Booktitle = {UAI},
	Title = {Fall of empires: Breaking byzantine-tolerant SGD by inner product manipulation},
	Year = {2019}
}

@inproceedings{lecuyer2019certified,
  title={Certified robustness to adversarial examples with differential privacy},
  author={Lecuyer, Mathias and Atlidakis, Vaggelis and Geambasu, Roxana and Hsu, Daniel and Jana, Suman},
  booktitle={IEEE S\&P},
  year={2019}
}

@inproceedings{li2019certified,
  title={Certified Adversarial Robustness with Additive Noise},
  author={Li, Bai and Chen, Changyou and Wang, Wenlin and Carin, Lawrence},
  booktitle={NeurIPS},
  year={2019}
}

@inproceedings{zhai2020macer,
  title={MACER: Attack-free and Scalable Robust Training via Maximizing Certified Radius},
  author={Zhai, Runtian and Dan, Chen and He, Di and Zhang, Huan and Gong, Boqing and Ravikumar, Pradeep and Hsieh, Cho-Jui and Wang, Liwei},
  booktitle={ICLR},
  year={2020}
}

@inproceedings{
Dvijotham2020A,
title={A FRAMEWORK  FOR ROBUSTNESS CERTIFICATION  OF SMOOTHED CLASSIFIERS USING  F-DIVERGENCES},
author={Krishnamurthy (Dj) Dvijotham and Jamie Hayes and Borja Balle and Zico Kolter and Chongli Qin and Andras Gyorgy and Kai Xiao and Sven Gowal and Pushmeet Kohli},
booktitle={ICLR},
year={2020}
}

@inproceedings{
Chiang*2020Certified,
title={Certified Defenses for Adversarial Patches},
author={Ping-yeh Chiang* and Renkun Ni* and Ahmed Abdelkader and Chen Zhu and Christoph Studor and Tom Goldstein},
booktitle={ICLR},
year={2020}
}

@inproceedings{goodfellow2014explaining,
  title={Explaining and harnessing adversarial examples},
  author={Goodfellow, Ian J and Shlens, Jonathon and Szegedy, Christian},
  booktitle={ICLR},
  year={2015}
}

@inproceedings{kurakin2016adversarial,
  title={Adversarial machine learning at scale},
  author={Kurakin, Alexey and Goodfellow, Ian and Bengio, Samy},
  booktitle={ICLR},
  year={2017}
}

@inproceedings{papernot2016limitations,
  title={The limitations of deep learning in adversarial settings},
  author={Papernot, Nicolas and McDaniel, Patrick and Jha, Somesh and Fredrikson, Matt and Celik, Z Berkay and Swami, Ananthram},
  booktitle={IEEE S\&P},
  year={2016}
}

@inproceedings{carlini2017towards,
  title={Towards evaluating the robustness of neural networks},
  author={Carlini, Nicholas and Wagner, David},
  booktitle={IEEE S\&P},
  year={2017}
}

@article{clopper1934use,
  title={The use of confidence or fiducial limits illustrated in the case of the binomial},
  author={Clopper, Charles J and Pearson, Egon S},
  journal={Biometrika},
  year={1934}
}

@inproceedings{chen2015mxnet,
  title={Mxnet: A flexible and efficient machine learning library for heterogeneous distributed systems},
  author={Chen, Tianqi and Li, Mu and Li, Yutian and Lin, Min and Wang, Naiyan and Wang, Minjie and Xiao, Tianjun and Xu, Bing and Zhang, Chiyuan and Zhang, Zheng},
  booktitle={NeurIPS, Workshop on Machine Learning Systems},
  year={2016}
}

@inproceedings{he2016deep,
  title={Deep residual learning for image recognition},
  author={He, Kaiming and Zhang, Xiangyu and Ren, Shaoqing and Sun, Jian},
  booktitle={Proceedings of the IEEE conference on computer vision and pattern recognition},
  year={2016}
}

@inproceedings{yin2019defending,
  title={Defending Against Saddle Point Attack in Byzantine-Robust Distributed Learning},
  author={Yin, Dong and Chen, Yudong and Kannan, Ramchandran and Bartlett, Peter},
  booktitle={ICML},
  year={2019}
}

@inproceedings{chen2018draco,
  title={DRACO: Byzantine-resilient Distributed Training via Redundant Gradients},
  author={Chen, Lingjiao and Wang, Hongyi and Charles, Zachary and Papailiopoulos, Dimitris},
  booktitle={ICML},
  year={2018}
}

@inproceedings{alistarh2018byzantine,
  title={Byzantine stochastic gradient descent},
  author={Alistarh, Dan and Allen-Zhu, Zeyuan and Li, Jerry},
  booktitle={NeurIPS},
  year={2018}
}

@inproceedings{szegedy2013intriguing,
  title={Intriguing properties of neural networks},
  author={Szegedy, Christian and Zaremba, Wojciech and Sutskever, Ilya and Bruna, Joan and Erhan, Dumitru and Goodfellow, Ian and Fergus, Rob},
  booktitle={ICLR},
  year={2014}
}

@inproceedings{reisizadeh2019robust,
  title={Robust and communication-efficient collaborative learning},
  author={Reisizadeh, Amirhossein and Taheri, Hossein and Mokhtari, Aryan and Hassani, Hamed and Pedarsani, Ramtin},
  booktitle={NeurIPS},
  year={2019}
}

@article{kairouz2019advances,
  title={Advances and open problems in federated learning},
  author={Kairouz, Peter and McMahan, H Brendan and Avent, Brendan and Bellet, Aur{\'e}lien and Bennis, Mehdi and Bhagoji, Arjun Nitin and Bonawitz, Keith and Charles, Zachary and Cormode, Graham and Cummings, Rachel and others},
  journal={arXiv preprint arXiv:1912.04977},
  year={2019}
}

@inproceedings{rajput2019detox,
  title={DETOX: A redundancy-based framework for faster and more robust gradient aggregation},
  author={Rajput, Shashank and Wang, Hongyi and Charles, Zachary and Papailiopoulos, Dimitris},
  booktitle={NeurIPS},
  year={2019}
}

@inproceedings{zhu2019deep,
  title={Deep leakage from gradients},
  author={Zhu, Ligeng and Liu, Zhijian and Han, Song},
  booktitle={NeurIPS},
  year={2019}
}

@inproceedings{teng2019leader,
  title={Leader Stochastic Gradient Descent for Distributed Training of Deep Learning Models},
  author={Teng, Yunfei and Gao, Wenbo and Chalus, Francois and Choromanska, Anna E and Goldfarb, Donald and Weller, Adrian},
  booktitle={NeurIPS},
  year={2019}
}

@inproceedings{vogels2019powersgd,
  title={PowerSGD: Practical low-rank gradient compression for distributed optimization},
  author={Vogels, Thijs and Karimireddy, Sai Praneeth and Jaggi, Martin},
  booktitle={NeurIPS},
  year={2019}
}

@inproceedings{xie2019dba,
  title={DBA: Distributed Backdoor Attacks against Federated Learning},
  author={Xie, Chulin and Huang, Keli and Chen, Pin-Yu and Li, Bo},
  booktitle={ICLR},
  year={2020}
}

@inproceedings{anguita2013public,
  title={A public domain dataset for human activity recognition using smartphones.},
  author={Anguita, Davide and Ghio, Alessandro and Oneto, Luca and Parra, Xavier and Reyes-Ortiz, Jorge Luis},
  booktitle={ESANN},
  year={2013}
}

@article{lecun2010mnist,
  title={MNIST handwritten digit database},
  author={LeCun, Yann and Cortes, Corinna and Burges, CJ},
  journal={Available: http://yann. lecun. com/exdb/mnist},
  year={1998}
}

@inproceedings{li2020practical,
  title={Practical Federated Gradient Boosting Decision Trees.},
  author={Li, Qinbin and Wen, Zeyi and He, Bingsheng},
  booktitle={AAAI},
  year={2020}
}

@inproceedings{liu2020federated,
  title={Federated Learning for Vision-and-Language Grounding Problems.},
  author={Liu, Fenglin and Wu, Xian and Ge, Shen and Fan, Wei and Zou, Yuexian},
  booktitle={AAAI},
  year={2020}
}

@inproceedings{wang2020federatedlatent,
  title={Federated Latent Dirichlet Allocation: A Local Differential Privacy Based Framework.},
  author={Wang, Yansheng and Tong, Yongxin and Shi, Dingyuan},
  booktitle={AAAI},
  year={2020}
}

@inproceedings{han2020robust,
  title={Robust Federated Learning via Collaborative Machine Teaching.},
  author={Han, Yufei and Zhang, Xiangliang},
  booktitle={AAAI},
  year={2020}
}

@inproceedings{li2019rsa,
  title={RSA: Byzantine-robust stochastic aggregation methods for distributed learning from heterogeneous datasets},
  author={Li, Liping and Xu, Wei and Chen, Tianyi and Giannakis, Georgios B and Ling, Qing},
  booktitle={AAAI},
  year={2019}
}


@manual{mnistcnn,
      title  = {MNIST CNN},
      url    = {https://mxnet.apache.org/api/python/docs/tutorials/packages/gluon/image/mnist.html},
      year = {Last accessed August, 2020},
      author = {MXNet}
}

@article{lee2017speeding,
  title={Speeding up distributed machine learning using codes},
  author={Lee, Kangwook and Lam, Maximilian and Pedarsani, Ramtin and Papailiopoulos, Dimitris and Ramchandran, Kannan},
  journal={IEEE Transactions on Information Theory},
  year={2017}
}

@inproceedings{baruch2019little,
  title={A little is enough: Circumventing defenses for distributed learning},
  author={Baruch, Gilad and Baruch, Moran and Goldberg, Yoav},
  booktitle={NeurIPS},
  year={2019}
}

@inproceedings{li2020acceleration,
  title={Acceleration for Compressed Gradient Descent in Distributed and Federated Optimization},
  author={Li, Zhize and Kovalev, Dmitry and Qian, Xun and Richt{\'a}rik, Peter},
  booktitle={ICML},
  year={2020}
}

@inproceedings{hamer2020fedboost,
  title={FedBoost: Communication-Efficient Algorithms for Federated Learning},
  author={Hamer, Jenny and Mohri, Mehryar and Suresh, Ananda Theertha},
  booktitle={ICML},
  year={2020}
}

@inproceedings{rothchildfetchsgd,
  title={FetchSGD: Communication-Efficient Federated Learning with Sketching},
  author={Rothchild, Daniel and Panda, Ashwinee and Ullah, Enayat and Ivkin, Nikita and Stoica, Ion and Braverman, Vladimir and Gonzalez, Joseph and Arora, Raman},
  booktitle={ICML},
  year={2020}
}

@inproceedings{malinovsky2020local,
  title={From Local SGD to Local Fixed Point Methods for Federated Learning},
  author={Malinovsky, Grigory and Kovalev, Dmitry and Gasanov, Elnur and Condat, Laurent and Richtarik, Peter},
  booktitle={ICML},
  year={2020}
}

@inproceedings{karimireddy2019scaffold,
  title={Scaffold: Stochastic controlled averaging for federated learning},
  author={Karimireddy, Sai Praneeth and Kale, Satyen and Mohri, Mehryar and Reddi, Sashank J and Stich, Sebastian U and Suresh, Ananda Theertha},
  booktitle={ICML},
  year={2020}
}

@inproceedings{
Li2020Fair,
title={Fair Resource Allocation in Federated Learning},
author={Tian Li and Maziar Sanjabi and Ahmad Beirami and Virginia Smith},
booktitle={ICLR},
year={2020}
}

@inproceedings{peng2019federated,
  title={Federated Adversarial Domain Adaptation},
  author={Peng, Xingchao and Huang, Zijun and Zhu, Yizhe and Saenko, Kate},
  booktitle={ICLR},
  year={2020}
}

@article{jia2020intrinsic,
  title={Intrinsic certified robustness of bagging against data poisoning attacks},
  author={Jia, Jinyuan and Cao, Xiaoyu and Gong, Neil Zhenqiang},
  journal={arXiv preprint arXiv:2008.04495},
  year={2020}
}