@inproceedings{Bacciu2014,
author = {Bacciu, Davide and Gallicchio, Claudio and Micheli, Alessio and {Di Rocco}, Maurizio and Saffiotti, Alessandro},
booktitle = {IISA 2014 - 5th International Conference on Information, Intelligence, Systems and Applications},
pages = {57--62},
title = {{Learning context-aware mobile robot navigation in home environments}},
year = {2014}
}

@article{canal2019adapting,
  title={Adapting robot task planning to user preferences: an assistive shoe dressing example},
  author={Canal, Gerard and Aleny{\`a}, Guillem and Torras, Carme},
  journal={Autonomous Robots},
  volume={43},
  number={6},
  pages={1343--1356},
  year={2019},
  publisher={Springer}
}

@article{cavs,
  title={TCAV: Relative concept importance testing with Linear Concept
                  Activation Vectors},
  author={Kim, Been and Gilmer, Justin and Viegas, Fernanda and
                  Erlingsson, Ulfar and Wattenberg, Martin},
  journal={arXiv preprint arXiv:1711.11279},
  year={2017}
}

@inproceedings{chen2019human,
  title={Human-like sketch object recognition via analogical learning},
  author={Chen, Kezhen and Rabkina, Irina and McLure, Matthew D and Forbus, Kenneth D},
  booktitle={Proceedings of the AAAI Conference on Artificial Intelligence},
  volume={33},
  pages={1336--1343},
  year={2019}
}

@inproceedings{conceptnet,
  title={Representing General Relational Knowledge in ConceptNet 5.},
  author={Speer, Robert and Havasi, Catherine},
  booktitle={LREC},
  pages={3679--3686},
  year={2012}
}

@inproceedings{dragan2013legibility,
  title={Legibility and predictability of robot motion},
  author={Dragan, Anca D and Lee, Kenton CT and Srinivasa, Siddhartha
                  S},
  booktitle={2013 8th ACM/IEEE International Conference on Human-Robot
                  Interaction (HRI)},
  pages={301--308},
  year={2013},
  organization={IEEE}
}

@inproceedings{explaining-explanations,
  title={Explaining explanations: An overview of interpretability of machine learning},
  author={Gilpin, Leilani H and Bau, David and Yuan, Ben Z and Bajwa,
                  Ayesha and Specter, Michael and Kagal, Lalana},
  booktitle={2018 IEEE 5th International Conference on data science
                  and advanced analytics (DSAA)},
  pages={80--89},
  year={2018},
  organization={IEEE}
}

@inproceedings{gilpin-hri,
  title={Reasonable Perception: Connecting Vision and Language Systems
                  for Validating Scene Descriptions},
  author={Gilpin, Leilani H and Zaman, Cagri and Olson, Danielle and Yuan, Ben Z},
  booktitle={Companion of the 2018 ACM/IEEE International Conference
                  on Human-Robot Interaction},
  pages={115--116},
  year={2018}
}

@inproceedings{gilpin2018explaining,
  title={Explaining explanations: An overview of interpretability of machine learning},
  author={Gilpin, Leilani H and Bau, David and Yuan, Ben Z and Bajwa,
                  Ayesha and Specter, Michael and Kagal, Lalana},
  booktitle={2018 IEEE 5th International Conference on data science
                  and advanced analytics (DSAA)},
  pages={80--89},
  year={2018},
  organization={IEEE}
}

@article{gilpin2018monitoring,
  title={Monitoring scene understanders with conceptual primitive decomposition and commonsense knowledge},
  author={Gilpin, Leilani H and Macbeth, Jamie C and Florentine, Evelyn},
  journal={Advances in Cognitive Systems},
  volume={6},
  pages={45--63},
  year={2018}
}

@inproceedings{Gorur2017,
author = {G{\"{o}}r{\"{u}}r, O Can and Rosman, Benjamin and Hoffman, Guy},
booktitle = {Workshop on the Role of Intentions in Human-Robot Interaction at the International Conference on Human-Robot Interaction},
title = {{Toward Integrating Theory of Mind into Adaptive Decision- Making of Social Robots to Understand Human Intention}},
year = {2017}
}

@article{grad-cam,
  title={Grad-cam: Visual explanations from deep networks via
                  gradient-based localization},
  author={Selvaraju, Ramprasaath R and Cogswell, Michael and Das,
                  Abhishek and Vedantam, Ramakrishna and Parikh, Devi
                  and Batra, Dhruv},
  journal={See https://arxiv. org/abs/1610.02391 v3},
  volume={7},
  number={8},
  year={2016}
}

@inproceedings{hiatt2011accommodating,
  title={Accommodating human variability in human-robot teams through theory of mind},
  author={Hiatt, Laura M and Harrison, Anthony M and Trafton, J Gregory},
  booktitle={Twenty-Second International Joint Conference on Artificial Intelligence},
  year={2011}
}

@article{Jain2019,
author = {Jain, Siddarth and Argall, Brenna},
journal = {ACM Transactions on Human-Robot Interaction (THRI)},
mendeley-groups = {HRI},
number = {1},
pages = {1--23},
title = {{Probabilistic Human Intent Recognition for Shared Autonomy in Assistive Robotics}},
volume = {9},
year = {2019}
}

@phdthesis{leilanithesis,
  author       = {Gilpin, Leilani H.}, 
  title        = {Anomaly Detection through Explanations},
  school       = {Massachusetts Institute of Technology},
  year         = {2020}
}

@article{li2020reasoning,
  title={Reasoning about When to Provide Explanation for
                  Human-in-the-loop Self-Adaptive Systems},
  author={Li, Nianyu and C{\'a}mara, Javier and Garlan, David and
                  Schmerl, Bradley},
  year={2020}
}

@article{multimodal,
  author    = {Dong Huk Park and
               Lisa Anne Hendricks and
               Zeynep Akata and
               Anna Rohrbach and
               Bernt Schiele and
               Trevor Darrell and
               Marcus Rohrbach},
  title     = {Multimodal Explanations: Justifying Decisions and
                  Pointing to the Evidence},
  journal   = {CoRR},
  volume    = {abs/1802.08129},
  year      = {2018},
  url       = {http://arxiv.org/abs/1802.08129},
  archivePrefix = {arXiv},
  eprint    = {1802.08129},
  timestamp = {Fri, 02 Mar 2018 13:46:22 +0100},
  biburl    = {https://dblp.org/rec/bib/journals/corr/abs-1802-08129},
  bibsource = {dblp computer science bibliography, https://dblp.org}
}

@inproceedings{munzer2017preference,
  title={Preference learning on the execution of collaborative human-robot tasks},
  author={Munzer, Thibaut and Toussaint, Marc and Lopes, Manuel},
  booktitle={2017 IEEE International Conference on Robotics and Automation (ICRA)},
  pages={879--885},
  year={2017},
  organization={IEEE}
}

@inproceedings{nau1999shop,
  title={SHOP: Simple hierarchical ordered planner},
  author={Nau, Dana and Cao, Yue and Lotem, Amnon and Munoz-Avila, Hector},
  booktitle={Proceedings of the 16th international joint conference on Artificial intelligence-Volume 2},
  pages={968--973},
  year={1999}
}

@inproceedings{netdissect2017,
  title={Network Dissection: Quantifying Interpretability of Deep
                  Visual Representations},
  author={Bau, David and Zhou, Bolei and Khosla, Aditya and Oliva,
                  Aude and Torralba, Antonio},
  booktitle={Computer Vision and Pattern Recognition},
  year={2017}
}

@inproceedings{Nikolaidis2017,
author = {Nikolaidis, Stefanos and Hsu, David and Zhu, Yu Xiang and Srinivasa, Siddhartha},
booktitle = {12th ACM/IEEE International Conference on Human-Robot Interaction (HRI)},
pages = {294--302},
title = {{Human-Robot Mutual Adaptation in Shared Autonomy}},
year = {2017}
}

@inproceedings{rabkina2017towards,
  title={Towards a Computational Analogical Theory of Mind},
  author={Rabkina, Irina and McFate, Clifton and Forbus, Kenneth D and Hoyos, Christian},
  booktitle= {Proceedings of the 39th Annual Meeting of the Cognitive
                  Science Society},
  year = {2017}
}

@inproceedings{rabkina2018bootstrapping,
  title={Bootstrapping from Language in the Analogical Theory of Mind Model},
  author={Rabkina, Irina and McFate, Clifton and Forbus, Kenneth D},
  booktitle= {Proceedings of the 40th Annual Meeting of the Cognitive
                  Science Society},
  year = {2018}
}

@inproceedings{rabkina2019analogical,
  title={Analogical reasoning for intent recognition and action
                  prediction in multi-agent systems},
  author={Rabkina, Irina and Forbus, Kenneth D},
  booktitle={Proceedings of the Seventh Annual Conference on Advances in
                  Cognitive Systems},
  year={2019}
}
  
@article{rabkina2020acs,
  title={Recognizing the Goals of Uninspecable Agents},
  author={Rabkina, Irina and Kantharaju, Pavan and Wilson, Jason and Roberts, Mark and Forbus, Kenneth and Hiatt, Laura M.},
  journal={Proceedings of the Eighth Annual Conference on Advances in
                  Cognitive Systems},
  year={2020}
} 

@article{rainbow,
  author={D. {Garlan} and S. -. {Cheng} and A. -. {Huang} and
                  B. {Schmerl} and P. {Steenkiste}},
  journal={Computer}, 
  title={Rainbow: architecture-based self-adaptation with reusable infrastructure}, 
  year={2004},
  volume={37},
  number={10},
  pages={46-54}
}

@inproceedings{stange2020effects,
  title={Effects of a Social Robot's Self-Explanations on How Humans
                  Understand and Evaluate Its Behavior},
  author={Stange, Sonja and Kopp, Stefan},
  booktitle={Proceedings of the 2020 ACM/IEEE International Conference
                  on Human-Robot Interaction},
  pages={619--627},
  year={2020}
}

@inproceedings{tabrez2019explanation,
  title={Explanation-based reward coaching to improve human performance via reinforcement learning},
  author={Tabrez, Aaquib and Agrawal, Shivendra and Hayes, Bradley},
  booktitle={2019 14th ACM/IEEE International Conference on Human-Robot Interaction (HRI)},
  pages={249--257},
  year={2019},
  organization={IEEE}
}

@inproceedings{visualizing,
  title={Visualizing and understanding convolutional networks},
  author={Zeiler, Matthew D and Fergus, Rob},
  booktitle={European conference on computer vision},
  pages={818--833},
  year={2014},
  organization={Springer}
}

@inproceedings{wang2016trust,
  title={Trust calibration within a human-robot team: Comparing
                  automatically generated explanations},
  author={Wang, Ning and Pynadath, David V and Hill, Susan G},
  booktitle={2016 11th ACM/IEEE International Conference on
                  Human-Robot Interaction (HRI)},
  pages={109--116},
  year={2016},
  organization={IEEE}
}

@inproceedings{why-trust,
  title={Why should i trust you?: Explaining the predictions of any classifier},
  author={Ribeiro, Marco Tulio and Singh, Sameer and Guestrin, Carlos},
  booktitle={Proceedings of the 22nd ACM SIGKDD International
                  Conference on Knowledge Discovery and Data Mining},
  pages={1135--1144},
  year={2016},
  organization={ACM}
}

@inproceedings{wilson2018general,
  title={General Approach to Automatically Generating Need-based Assistance},
  author={Wilson, Jason R. and Wransky, Michael and Tierno, Jorge},
  booktitle={Proceedings of the Sixth Annual Conference on Advances in Cognitive Systems},
  year={2018}}

@article{wilson2020challenges,
  title={Challenges in Designing a Fully Autonomous Socially Assistive Robot for People with Parkinson’s Disease},
  author={Wilson, Jason R and Tickle-Degnen, Linda and Scheutz, Matthias},
  journal={ACM Transactions on Human-Robot Interaction (THRI)},
  volume={9},
  number={3},
  pages={1--31},
  year={2020},
  publisher={ACM New York, NY, USA}
}

@inproceedings{wilson2019developing,
  title={Developing Computational Models of Social Assistance to Guide Socially Assistive Robots},
  author={Wilson, Jason R and Kim, Seongsik and Kurylo, Ulyana and Cummings, Joseph and Tarneja, Eshan},
  booktitle={Proceedings of the AI-HRI Symposium at AAAI-FSS 2019},
  year={2019}
}

@inproceedings{wilson2019analogical,
  title={Analogical Question Answering in a Multimodal Information Kiosk},
  author={Wilson, Jason R and Chen, Kezhen and Crouse, Maxwell and Nakos, Constantine and Ribeiro, Danilo Neves and Rabkina, Irina and Forbus, Kenneth D},
  year={2019},
  booktitle={Proceedings of the Seventh Annual Conference on Advances in Cognitive Systems}
}

@inproceedings{woodworth2018preference,
  title={Preference learning in assistive robotics: Observational repeated inverse reinforcement learning},
  author={Woodworth, Bryce and Ferrari, Francesco and Zosa, Teofilo E and Riek, Laurel D},
  booktitle={Machine Learning for Healthcare Conference},
  pages={420--439},
  year={2018}
}


