@inproceedings{kingma2013auto,
  title={Auto-encoding variational bayes},
  author={Kingma, Diederik P and Welling, Max},
  booktitle={International Conference on Learning Representations},
  year={2013}
}

@inproceedings{goodfellow2014generative,
  title={Generative adversarial nets},
  author={Goodfellow, Ian and Pouget-Abadie, Jean and Mirza, Mehdi and Xu, Bing and Warde-Farley, David and Ozair, Sherjil and Courville, Aaron and Bengio, Yoshua},
  booktitle={Advances in Neural Information Processing Systems},
  pages={2672--2680},
  year={2014}
}

@article{radford2015unsupervised,
  title={Unsupervised representation learning with deep convolutional generative adversarial networks},
  author={Radford, Alec and Metz, Luke and Chintala, Soumith},
  journal={arXiv preprint arXiv:1511.06434},
  year={2015}
}

@inproceedings{reed2015deep,
  title={Deep visual analogy-making},
  author={Reed, Scott E and Zhang, Yi and Zhang, Yuting and Lee, Honglak},
  booktitle={Advances in Neural Information Processing Systems},
  pages={1252--1260},
  year={2015}
}

@article{arvanitidis2017latent,
  title={Latent Space Oddity: on the Curvature of Deep Generative Models},
  author={Arvanitidis, Georgios and Hansen, Lars Kai and Hauberg, S{\o}ren},
  journal={arXiv preprint arXiv:1710.11379},
  year={2017}
}

@article{chen2017metrics,
  title={Metrics for deep generative models},
  author={Chen, Nutan and Klushyn, Alexej and Kurle, Richard and Jiang, Xueyan and Bayer, Justin and van der Smagt, Patrick},
  journal={arXiv preprint arXiv:1711.01204},
  year={2017}
}

@inproceedings{shao2018riemannian,
  title={The riemannian geometry of deep generative models},
  author={Shao, Hang and Kumar, Abhishek and Thomas Fletcher, P},
  booktitle={Proceedings of the IEEE Conference on Computer Vision and Pattern Recognition Workshops},
  pages={315--323},
  year={2018}
}

@inproceedings{davidson2018hyperspherical,
  title={Hyperspherical variational auto-encoders},
  author={Davidson, Tim R and Falorsi, Luca and De Cao, Nicola and Kipf, Thomas and Tomczak, Jakub M},
  booktitle={Conference on Uncertainty in Artificial Intelligence},
  year={2018}
}

@article{tomczak2017vae,
  title={{VAE} with a VampPrior},
  author={Tomczak, Jakub M and Welling, Max},
  journal={arXiv preprint arXiv:1705.07120},
  year={2017}
}

@article{dilokthanakul2016deep,
  title={Deep unsupervised clustering with gaussian mixture variational autoencoders},
  author={Dilokthanakul, Nat and Mediano, Pedro AM and Garnelo, Marta and Lee, Matthew CH and Salimbeni, Hugh and Arulkumaran, Kai and Shanahan, Murray},
  journal={arXiv preprint arXiv:1611.02648},
  year={2016}
}

@article{grattarola2018adversarial,
  title={Adversarial Autoencoders with Constant-Curvature Latent Manifolds},
  author={Grattarola, Daniele and Livi, Lorenzo and Alippi, Cesare},
  journal={arXiv preprint arXiv:1812.04314},
  year={2018}
}

@article{makhzani2015adversarial,
  title={Adversarial autoencoders},
  author={Makhzani, Alireza and Shlens, Jonathon and Jaitly, Navdeep and Goodfellow, Ian and Frey, Brendan},
  journal={arXiv preprint arXiv:1511.05644},
  year={2015}
}

@article{patrini2018sinkhorn,
  title={Sinkhorn autoencoders},
  author={Patrini, Giorgio and Carioni, Marcello and Forre, Patrick and Bhargav, Samarth and Welling, Max and Berg, Rianne van den and Genewein, Tim and Nielsen, Frank},
  journal={arXiv preprint arXiv:1810.01118},
  year={2018}
}

@article{lecun1998gradient,
  title={Gradient-based learning applied to document recognition},
  author={LeCun, Yann and Bottou, L{\'e}on and Bengio, Yoshua and Haffner, Patrick and others},
  journal={Proceedings of the IEEE},
  volume={86},
  number={11},
  pages={2278--2324},
  year={1998},
  publisher={Taipei, Taiwan}
}

@inproceedings{rao1999learning,
  title={Learning Lie groups for invariant visual perception},
  author={Rao, Rajesh PN and Ruderman, Daniel L},
  booktitle={Advances in Neural Information Processing Systems},
  pages={810--816},
  year={1999}
}

@inproceedings{chen2015efficient,
  title={Efficient movement representation by embedding Dynamic Movement Primitives in Deep Autoencoders},
  author={Chen, Nutan and Bayer, Justin and Urban, Sebastian and Van Der Smagt, Patrick},
  booktitle={International Conference on Humanoid Robots (Humanoids)},
  pages={434--440},
  year={2015},
  organization={IEEE}
}

@inproceedings{taylor2007modeling,
  title={Modeling human motion using binary latent variables},
  author={Taylor, Graham W and Hinton, Geoffrey E and Roweis, Sam T},
  booktitle={Advances in Neural Information Processing Systems},
  pages={1345--1352},
  year={2007}
}

@inproceedings{culpepper2009learning,
  title={Learning transport operators for image manifolds},
  author={Culpepper, Benjamin J and Olshausen, Bruno A},
  booktitle={Advances in Neural Information Processing Systems},
  pages={423--431},
  year={2009}
}


@inproceedings{hoffman2016elbo,
  title={Elbo surgery: yet another way to carve up the variational evidence lower bound},
  author={Hoffman, Matthew D and Johnson, Matthew J},
  booktitle={Workshop in Advances in Approximate Bayesian Inference, NIPS},
  year={2016}
}

@book{boothby1986introduction,
  title={An Introduction to Differentiable Manifolds and Riemannian Geometry},
  author={Boothby, William M},
  volume={120},
  year={1986},
  publisher={Academic press}
}

@article{miao2007learning,
  title={Learning the lie groups of visual invariance},
  author={Miao, Xu and Rao, Rajesh PN},
  journal={Neural computation},
  volume={19},
  number={10},
  pages={2665--2693},
  year={2007},
  publisher={MIT Press}
}

@article{fefferman2016testing,
  title={Testing the manifold hypothesis},
  author={Fefferman, Charles and Mitter, Sanjoy and Narayanan, Hariharan},
  journal={Journal of the American Mathematical Society},
  volume={29},
  number={4},
  pages={983--1049},
  year={2016}
}

@article{tenenbaum2000global,
  title={A global geometric framework for nonlinear dimensionality reduction},
  author={Tenenbaum, Joshua B and De Silva, Vin and Langford, John C},
  journal={Science},
  volume={290},
  number={5500},
  pages={2319--2323},
  year={2000},
  publisher={American Association for the Advancement of Science}
}

@article{roweis2000nonlinear,
  title={Nonlinear dimensionality reduction by locally linear embedding},
  author={Roweis, Sam T and Saul, Lawrence K},
  journal={Science},
  volume={290},
  number={5500},
  pages={2323--2326},
  year={2000},
  publisher={American Association for the Advancement of Science}
}

@inproceedings{dollar2007learning,
  title={Learning to traverse image manifolds},
  author={Doll{\'a}r, Piotr and Rabaud, Vincent and Belongie, Serge J},
  booktitle={Advances in Neural Information Processing Systems},
  pages={361--368},
  year={2007}
}

@article{bengio2005non,
  title={Non-local manifold tangent learning},
  author={Bengio, Yoshua and Monperrus, Martin},
  journal={Advances in Neural Information Processing Systems},
  volume={17},
  pages={129--136},
  year={2005}
}

@article{falorsi2018explorations,
  title={Explorations in homeomorphic variational auto-encoding},
  author={Falorsi, Luca and de Haan, Pim and Davidson, Tim R and De Cao, Nicola and Weiler, Maurice and Forr{\'e}, Patrick and Cohen, Taco S},
  journal={arXiv preprint arXiv:1807.04689},
  year={2018}
}
@article{sussillo2016lfads,
  title={Lfads-latent factor analysis via dynamical systems},
  author={Sussillo, David and Jozefowicz, Rafal and Abbott, LF and Pandarinath, Chethan},
  journal={arXiv preprint arXiv:1608.06315},
  year={2016}
}

@article{li2019variational,
  title={Variational Random Walk Autoencoders},
  author={Li, Henry and Lindenbaum, Ofir and Cheng, Xiuyuan and Cloninger, Alexander},
  journal={arXiv preprint arXiv:1905.12724},
  year={2019}
}


@article{rey2019diffusion,
  author    = {Luis A. P{\'{e}}rez Rey and
               Vlado Menkovski and
               Jacobus W. Portegies},
  title     = {Diffusion Variational Autoencoders},
  journal={arXiv preprint arXiv:1901.08991},
  year      = {2019},
}

@inproceedings{Ber17,
  author = {Bergmann, Ronny},
  title = {{MVIRT}, A toolbox for manifold-valued image restoration},
  year = {2017},
  booktitle = {IEEE International Conference on Image Processing},
  doi = {10.1109/ICIP.2017.8296271},
  pages={201-205},
}