@inproceedings{devlin2019bert,
	title="BERT: Pre-training of Deep Bidirectional Transformers for Language Understanding",
	author={Devlin, Jacob and Chang, Ming-Wei and Lee, Kenton and Toutanova, Kristina},
	booktitle="Proceedings of NAACL-HLT",
	pages={4171--4186},
	year={2019}
}
@inproceedings{lin-xu-2019-deep,
	title = "Deep Unknown Intent Detection with Margin Loss",
	author = "Lin, Ting-En  and
	Xu, Hua",
	booktitle = "Proceedings of ACL",
	year = "2019",
	pages = "5491--5496",
}
@article{lin2019post,
  title={A post-processing method for detecting unknown intent of dialogue system via pre-trained deep neural network classifier},
  author={Lin, Ting-En and Xu, Hua},
  journal={Knowledge-Based Systems},
  volume={186},
  pages={104979},
  year={2019}
}
@inproceedings{Shu2017DOCDO,
	title={DOC: Deep Open Classification of Text Documents},
	author={Lei Shu and Hu Xu and Bing Liu},
	booktitle = "Proceedings of EMNLP",
	pages = {2911--2916},
	year={2017}
}
@inproceedings{xu2015short,
	title={Short Text Clustering via Convolutional Neural Networks},
	author={Xu, Jiaming and Wang, Peng and Tian, Guanhua and Xu, Bo and Zhao, Jun and Wang, Fangyuan and Hao, Hongwei},
	booktitle="Proceedings of NAACL-HLT",
	pages={62--69},
	year={2015}
}
@inproceedings{larson-etal-2019-evaluation,
	title = "An Evaluation Dataset for Intent Classification and Out-of-Scope Prediction",
	author = "Larson, Stefan  and
	Mahendran, Anish  and
	Peper, Joseph J.  and
	Clarke, Christopher  and
	Lee, Andrew  and
	Hill, Parker  and
	Kummerfeld, Jonathan K.  and
	Leach, Kevin  and
	Laurenzano, Michael A.  and
	Tang, Lingjia  and
	Mars, Jason",
	booktitle = "Proceedings of EMNLP-IJCNLP",
	year = "2019",
	pages = "1311--1316",
}
@inproceedings{hao2018fewrel,
	title={FewRel:A Large-Scale Supervised Few-Shot Relation Classification Dataset with State-of-the-Art Evaluation},
	author={Han, Xu and Zhu, Hao and Yu, Pengfei and Wang, Ziyun and Yao, Yuan and Liu, Zhiyuan and Sun, Maosong},
	booktitle="Proceedings of EMNLP",
	pages={4803--4809},
	year={2018},
}

@inproceedings{snell2017prototypical,
	title={Prototypical networks for few-shot learning},
	author={Snell, Jake and Swersky, Kevin and Zemel, Richard},
	booktitle={Proceedings of NIPS},
	pages={4077--4087},
	year={2017}
}
@inproceedings{gidaris2018dynamic,
	title={Dynamic few-shot visual learning without forgetting},
	author={Gidaris, Spyros and Komodakis, Nikos},
	booktitle={Proceedings of CVPR},
	pages={4367--4375},
	year={2018}
}
@inproceedings{sabour2017dynamic,
	title={Dynamic routing between capsules},
	author={Sabour, Sara and Frosst, Nicholas and Hinton, Geoffrey E},
	booktitle={Proceedings of NIPS},
	pages={3856--3866},
	year={2017}
}
@article{wang2018additive,
	title={Additive margin softmax for face verification},
	author={Wang, Feng and Cheng, Jian and Liu, Weiyang and Liu, Haijun},
	journal={IEEE Signal Processing Letters},
	volume={25},
	number={7},
	pages={926--930},
	year={2018},
}
@inproceedings{deng2019arcface,
	title={Arcface: Additive angular margin loss for deep face recognition},
	author={Deng, Jiankang and Guo, Jia and Xue, Niannan and Zafeiriou, Stefanos},
	booktitle={Proceedings of CVPR},
	pages={4690--4699},
	year={2019}
}
@inproceedings{liu2019large,
	title={Large-Scale Long-Tailed Recognition in an Open World},
	author={Liu, Ziwei and Miao, Zhongqi and Zhan, Xiaohang and Wang, Jiayun and Gong, Boqing and Yu, Stella X},
	booktitle={Proceedings of CVPR},
	pages={2537--2546},
	year={2019}
}

@article{maaten2008visualizing,
	title={Visualizing data using t-SNE},
	author={Maaten, Laurens van der and Hinton, Geoffrey},
	journal={Journal of machine learning research},
	volume={9},
	number={Nov},
	pages={2579--2605},
	year={2008}
}
@inproceedings{fei-liu-2016-breaking,
	title = "Breaking the Closed World Assumption in Text Classification",
	author = "Fei, Geli  and
	Liu, Bing",
	booktitle = "Proceedings of NAACL-HLT",
	year = "2016",
	pages = "506--514",
}
@article{Rifkin2004In,
	title={In Defense of One-Vs-All Classification},
	author={Rifkin, Ryan M. and Klautau, Aldebaro},
	journal={Journal of Machine Learning Research},
	volume={5},
	pages={101-141},
	year={2004},
}
@inproceedings{bendale2016towards,
	title={Towards open set deep networks},
	author={Bendale, Abhijit and Boult, Terrance E},
	booktitle={Proceedings of CVPR},
	pages={1563--1572},
	year={2016}
}
@inproceedings{Casanueva2020,
    author      = {I{\~{n}}igo Casanueva and Tadas Temcinas and Daniela Gerz and Matthew Henderson and Ivan Vulic},
    title       = {Efficient Intent Detection with Dual Sentence Encoders},
    year        = {2020},
    booktitle   = {Proceedings of ACL WorkShop}
}
@article{scholkopf2001estimating,
	title={Estimating the support of a high-dimensional distribution},
	author={Sch{\"o}lkopf, Bernhard and Platt, John C and Shawe-Taylor, John and Smola, Alex J and Williamson, Robert C},
	journal={Neural computation},
	volume={13},
	number={7},
	pages={1443--1471},
	year={2001},
}
%Ballclustering
@inproceedings{tapaswi2019video,
  title={Video Face Clustering with Unknown Number of Clusters},
  author={Tapaswi, Makarand and Law, Marc T and Fidler, Sanja},
  booktitle={Proceedings of ICCV},
  pages={5026--5035},
  year={2019}
}
@inproceedings{hoffer2015deep,
	title={Deep metric learning using triplet network},
	author={Hoffer, Elad and Ailon, Nir},
	journal={Similarity-Based Pattern Recognition},
	pages={84--92},
	year={2015},
}
@inproceedings{hadsell2006dimensionality,
	title={Dimensionality reduction by learning an invariant mapping},
	author={Hadsell, Raia and Chopra, Sumit and LeCun, Yann},
	booktitle={Proceedings of CVPR},
	pages={1735--1742},
	year={2006},
}
@inproceedings{schroff2015facenet,
	title={Facenet: A unified embedding for face recognition and clustering},
	author={Schroff, Florian and Kalenichenko, Dmitry and Philbin, James},
	booktitle={Proceedings of CVPR},
	pages={815--823},
	year={2015}
}
@inproceedings{wen2016discriminative,
	title={A discriminative feature learning approach for deep face recognition},
	author={Wen, Yandong and Zhang, Kaipeng and Li, Zhifeng and Qiao, Yu},
	booktitle={Proceedings of ECCV},
	pages={499--515},
	year={2016},
	organization={Springer}
}
@article{scheirer2013toward,
	title={Toward Open Set Recognition},
	author={Scheirer, Walter J and de Rezende Rocha, Anderson and Sapkota, Archana and Boult, Terrance E},
	journal={IEEE Transactions on Pattern Analysis and Machine Intelligence},
	volume={7},
	number={35},
	pages={1757--1772},
	year={2013}
}
@inproceedings{2018arXiv181009136N,
	title={Do Deep Generative Models Know What They Don't Know? },
	author={Eric Nalisnick and Akihiro Matsukawa and Yee Whye Teh and Dilan Gorur and Balaji Lakshminarayanan},
	booktitle={Proceedings of ICLR},
	year={2019},
}
@inproceedings{breunig2000lof,
	title={LOF: identifying density-based local outliers},
	author={Breunig, Markus M and Kriegel, Hans-Peter and Ng, Raymond T and Sander, J{\"o}rg},
	booktitle={ACM sigmod record},
	volume={29},
	number={2},
	pages={93--104},
	year={2000},
}
@incollection{NIPS2017_6975,
	title = {Dynamic Routing Between Capsules},
	author = {Sabour, Sara and Frosst, Nicholas and Hinton, Geoffrey E},
	booktitle = {Proceedings of NIPS},
	pages = {3856--3866},
	year = {2017}
}
@inproceedings{hendrycks17baseline,
	title={A Baseline for Detecting Misclassified and Out-of-Distribution Examples in Neural Networks},
	author    = {Dan Hendrycks and Kevin Gimpel},
	booktitle = {Proceedings of ICLR},
	year = {2017},
}
@article{kingma2014adam,
	author = {Kingma, Diederik P and Ba, Jimmy},
	journal = {arXiv preprint arXiv:1412.6980},
	title = {Adam: A method for stochastic optimization},
	year = 2014
}

@inproceedings{WangWZJGZL018,
	author    = {Hao Wang and
	Yitong Wang and
	Zheng Zhou and
	Xing Ji and
	Dihong Gong and
	Jingchao Zhou and
	Zhifeng Li and
	Wei Liu},
	title     = {CosFace: Large Margin Cosine Loss for Deep Face Recognition},
	booktitle = {Poceedings of CVPR},
	pages     = {5265--5274},
	year      = {2018},
}
@inproceedings{liang2018enhancing,
	title={Enhancing The Reliability of Out-of-distribution Image Detection in Neural Networks},
	author={Shiyu Liang and Yixuan Li and R. Srikant},
	booktitle={Proceedings of ICLR},
	year={2018},
}
@article{scholkopf2001estimating,
	title={Estimating the support of a high-dimensional distribution},
	author={Sch{\"o}lkopf, Bernhard and Platt, John C and Shawe-Taylor, John and Smola, Alex J and Williamson, Robert C},
	journal={Neural computation},
	volume={13},
	number={7},
	pages={1443--1471},
	year={2001},
}
@article{SVDD,
	author = {Tax, David and Duin, Robert},
	year = {2004},
	month = {01},
	pages = {45-66},
	title = {Support Vector Data Description},
	volume = {54},
	journal = {Machine Learning}
}
@article{Rifkin2004In,
	title={In Defense of One-Vs-All Classification},
	author={Rifkin, Ryan M. and Klautau, Aldebaro},
	journal={Journal of Machine Learning Research},
	volume={5},
	pages={101-141},
	year={2004},
}
@InProceedings{Jain_2014_ECCV,
	author = {Lalit P. Jain and Walter J. Scheirer and Terrance E. Boult},
	title = {Multi-Class Open Set Recognition Using Probability of Inclusion},
	booktitle = {Proceedings of ECCV},
	month = {September},
	year = {2014}
}
@article{Scheirer_2014_TPAMIb,
	author = {Walter J. Scheirer and Lalit P. Jain and Terrance E. Boult},
	title = {Probability Models for Open Set Recognition},
	journal = {IEEE Transactions on Pattern Analysis and Machine Intelligence (T-PAMI)},
	volume = {36},
	issue = {11},
	month = {November},
	year = {2014}
}
@inproceedings{Brychcin2017UnsupervisedDA,
	title={Unsupervised Dialogue Act Induction using Gaussian Mixtures},
	author={Tomas Brychcin and Pavel Kr{\'a}l},
	pages     = {485--490},
	booktitle = {Proceedings of EACL},
	year={2017},
}
@inproceedings{Yu2017OpenCategoryCB,
	title={Open-Category Classification by Adversarial Sample Generation},
	author={Yang Yu and Wei-Yang Qu and Nan Li and Zimin Guo},
	booktitle = {Proceedings of IJCAI},
	pages     = {3357--3363},
	year={2017}
}
@inproceedings{2018arXiv181009136N,
	title={Do Deep Generative Models Know What They Don't Know? },
	author={Eric Nalisnick and Akihiro Matsukawa and Yee Whye Teh and Dilan Gorur and Balaji Lakshminarayanan},
	booktitle={Proceedings of ICLR},
	year={2019},},
}
@inproceedings{ryu-etal-2018-domain,
	title = "Out-of-domain Detection based on Generative Adversarial Network",
	author = "Ryu, Seonghan  and
	Koo, Sangjun  and
	Yu, Hwanjo  and
	Lee, Gary Geunbae",
	booktitle = "Proceedings of EMNLP",
	year = "2018",
	pages = "714--718",
}
@inproceedings{Kim2018JointLO,
	title={Joint Learning of Domain Classification and Out-of-Domain Detection with Dynamic Class Weighting for Satisficing False Acceptance Rates},
	author={Joo-Kyung Kim and Young-Bum Kim},
	booktitle = {Proceedings of INTERSPEECH},
	pages     = {556--560},
	year      = {2018}
}
@inproceedings{Bendale2015,
	title={Towards Open World Recognition},
	booktitle = {Proceedings of CVPR},
	author={Bendale, Abhijit and Boult, Terrance},
	pages={1893-1902},
	year={2015},
}
@INPROCEEDINGS{7298640,
  author={A. {Nguyen} and J. {Yosinski} and J. {Clune}},
  booktitle={Proceedings of CVPR}, 
  title={Deep neural networks are easily fooled: High confidence predictions for unrecognizable images}, 
  year={2015},
  pages={427-436},}
@InProceedings{Mundt_2019_ICCV,
	author = {Mundt, Martin and Pliushch, Iuliia and Majumder, Sagnik and Ramesh, Visvanathan},
	title = {Open Set Recognition Through Deep Neural Network Uncertainty: Does Out-of-Distribution Detection Require Generative Classifiers?},
	booktitle = {Proceedings of ICCV Workshops},
	year = {2019}
}
@article{DBLP:journals/corr/abs-1801-05609,
	author    = {Lei Shu and
	Hu Xu and
	Bing Liu},
	journal = {arXiv preprint arXiv:1801.05609},
	title     = {Unseen Class Discovery in Open-world Classification},
	year      = {2018},
	
}
@article{Wolf2019HuggingFacesTS,
	title={HuggingFace's Transformers: State-of-the-art Natural Language Processing},
	author={Thomas Wolf and Lysandre Debut and Victor Sanh and Julien Chaumond and Clement Delangue and Anthony Moi and Pierric Cistac and Tim Rault and R'emi Louf and Morgan Funtowicz and Jamie Brew},
	journal={arXiv preprint arXiv:1910.03771},
	year={2019},
}

@inproceedings{lin-xu-2019-deep,
    title = "Deep Unknown Intent Detection with Margin Loss",
    author = "Lin, Ting-En  and
      Xu, Hua",
    booktitle = "Proceedings of the 57th Annual Meeting of the Association for Computational Linguistics",
    month = jul,
    year = "2019",
    address = "Florence, Italy",
    publisher = "Association for Computational Linguistics",
    url = "https://www.aclweb.org/anthology/P19-1548",
    pages = "5491--5496",
}
@inproceedings{lin2020discovering,
  title={Discovering New Intents via Constrained Deep Adaptive Clustering with Cluster Refinement},
    booktitle={Proceedings of AAAI},
  author={Lin, Ting-En and Xu, Hua and Zhang, Hanlei},
  year={2020},  pages = {8360-8367}
}

@inproceedings{Qin_Che_Li_Ni_Liu_2020, 
    title={DCR-Net: A Deep Co-Interactive Relation Network for Joint Dialog Act Recognition and Sentiment Classification},
    booktitle={Proceedings of AAAI}, 
    author={Qin, Libo and Che, Wanxiang and Li, Yangming and Ni, Mingheng and Liu, Ting}, year={2020}, 
    pages={8665-8672} 
    }
    
@inproceedings{ijcai2020-532, 
title     = {Dialogue State Induction Using Neural Latent Variable Models},  
author    = {Min, Qingkai and Qin, Libo and Teng, Zhiyang and Liu, Xiao and Zhang, Yue},  booktitle = {Proceedings of IJCAI},           
pages     = {3845--3852},
year      = {2020}
}

@inproceedings{qin-etal-2019-stack,    
title = "A Stack-Propagation Framework with Token-Level Intent Detection for Spoken Language Understanding",    
author = "Qin, Libo  and      Che, Wanxiang  and      Li, Yangming  and      Wen, Haoyang  and      Liu, Ting",    
booktitle = "Proceedings of EMNLP",   
pages = {2078–2087}, 
year = "2019"}

@inproceedings{goo-etal-2018-slot,
    title = "Slot-Gated Modeling for Joint Slot Filling and Intent Prediction",
    author = "Goo, Chih-Wen  and
      Gao, Guang  and
      Hsu, Yun-Kai  and
      Huo, Chih-Li  and
      Chen, Tsung-Chieh  and
      Hsu, Keng-Wei  and
      Chen, Yun-Nung",
    booktitle = "Proceedings of NAACL",
    year = "2018",
    pages = "753–757"
}

@inproceedings{wang-etal-2018-bi,
    title = "A Bi-Model Based {RNN} Semantic Frame Parsing Model for Intent Detection and Slot Filling",
    author = "Wang, Yu  and
      Shen, Yilin  and
      Jin, Hongxia",
    booktitle = "Proceedings of NAACL",
    year = "2018",
    pages = "309--314",
}

@inproceedings{zhang-etal-2019-joint,
    title = "Joint Slot Filling and Intent Detection via Capsule Neural Networks",
    author = "Zhang, Chenwei  and
      Li, Yaliang  and
      Du, Nan  and
      Fan, Wei  and
      Yu, Philip",
    booktitle = "Proceedings of ACL",
    year = "2019",
    pages = "5259–5267"
}

@inproceedings{e-etal-2019-novel,
    title = "A Novel Bi-directional Interrelated Model for Joint Intent Detection and Slot Filling",
    author = "E, Haihong  and
      Niu, Peiqing  and
      Chen, Zhongfu  and
      Song, Meina",
    booktitle = "Proceedings of ACL",
    year = "2019",
    pages = "5467--5471",
}

@inproceedings{srivastava-etal-2018-zero,
    title = "Zero-shot Learning of Classifiers from Natural Language Quantification",
    author = "Srivastava, Shashank  and
      Labutov, Igor  and
      Mitchell, Tom",
    booktitle = "Proceedings of ACL",
    year = "2018",
    pages = "306--316",
}

@inproceedings{gangal2020likelihood,
  title={Likelihood Ratios and Generative Classifiers for Unsupervised Out-of-Domain Detection in Task Oriented Dialog},
  author={Gangal, Varun and Arora, Abhinav and Einolghozati, Arash and Gupta, Sonal},
  booktitle={Proceedings of AAAI},
  pages={7764--7771},
  year={2020}
}
@inproceedings{yan-etal-2020-unknown,
    title = "Unknown Intent Detection Using {G}aussian Mixture Model with an Application to Zero-shot Intent Classification",
    author = "Yan, Guangfeng  and
      Fan, Lu  and
      Li, Qimai  and
      Liu, Han  and
      Zhang, Xiaotong  and
      Wu, Xiao-Ming  and
      Lam, Albert Y.S.",
    booktitle = "Proceedings of ACL",
    year = "2020",
    pages = {1050–1060}
}