@INPROCEEDINGS{VESPCN2017cvpr,
author={J. Caballero and C. Ledig and A. Aitken and A. Acosta and J. Totz and Z. Wang and W. Shi},
booktitle={IEEE Conference on Computer Vision and Pattern Recognition (CVPR'2017)},
title={Real-Time Video Super-Resolution with Spatio-Temporal Networks and Motion Compensation},
year={2017},
volume={},
number={},
pages={2848-2857},
month={July},}


@INPROCEEDINGS{BayesSR2011cvpr,
author={C. Liu and D. Sun},
booktitle={IEEE Conference on Computer Vision and Pattern Recognition (CVPR'2011)},
title={A Bayesian approach to adaptive video super resolution},
year={2011},
volume={},
number={},
pages={209-216},
month={June},}


@INPROCEEDINGS{Dong2016Accelerating,
  title={Accelerating the Super-Resolution Convolutional Neural Network},
  author={Dong, Chao and Chen, Change Loy and Tang, Xiaoou},
  booktitle={Proceedings of European Conference on Computer Vision (ECCV'2016)},
  pages={391-407},
  year={2016},
}


@inproceedings{Lim2017Enhanced,
  title={Enhanced Deep Residual Networks for Single Image Super-Resolution},
  author={Lim, Bee and Son, Sanghyun and Kim, Heewon and Nah, Seungjun and Lee, Kyoung Mu},
  booktitle={IEEE Conference on Computer Vision and Pattern Recognition Workshops (CVPR'2017)},
  pages={1132-1140},
  year={2017},
}


@INPROCEEDINGS{FRVSR2018cvpr,
author={MSM Sajjadi and R Vemulapalli and M Brown},
booktitle={IEEE Conference on Computer Vision and Pattern Recognition (CVPR'2018)},
title={Frame-Recurrent Video Super-Resolution},
year={2018},
volume={},
number={},
pages={},
month={June},}


@INPROCEEDINGS{DUF16L2018cvpr,
author={Younghyun Jo and Seoung Wug Oh and Jaeyeon Kang and Seon Joo Kim},
booktitle={IEEE Conference on Computer Vision and Pattern Recognition (CVPR'2018)},
title={Deep Video Super-Resolution Network Using Dynamic Upsampling FiltersWithout Explicit Motion Compensation},
year={2018},
volume={},
number={},
pages={},
month={June},}


@ARTICLE{VSRNet2016TCT,
author={A. Kappeler and S. Yoo and Q. Dai and A. K. Katsaggelos},
journal={IEEE Transactions on Computational Imaging},
title={Video Super-Resolution With Convolutional Neural Networks},
year={2016},
volume={2},
number={2},
pages={109-122},
month={June},}


@INPROCEEDINGS{DESR2015iccv,
author={R. Liao and X. Tao and R. Li and Z. Ma and J. Jia},
booktitle={IEEE International Conference on Computer Vision (ICCV'2015)},
title={Video Super-Resolution via Deep Draft-Ensemble Learning},
year={2015},
volume={},
number={},
pages={531-539},
ISSN={},
month={Dec},}


@INPROCEEDINGS{Tao2017iccv,
author={X. Tao and H. Gao and R. Liao and J. Wang and J. Jia},
booktitle={IEEE International Conference on Computer Vision (ICCV'2017)},
title={Detail-Revealing Deep Video Super-Resolution},
year={2017},
volume={},
number={},
pages={4482-4490},
month={Oct},}


@INPROCEEDINGS{VDSR2016cvpr,
author={J. Kim and J. K. Lee and K. M. Lee},
booktitle={IEEE Conference on Computer Vision and Pattern Recognition (CVPR'2016)},
title={Accurate Image Super-Resolution Using Very Deep Convolutional Networks},
year={2016},
volume={},
number={},
pages={1646-1654},
month={June},}


@article{Li2017An,
  title={An Iterative Framework of Cascaded Deblocking and Super-Resolution for Compressed Images},
  author={Li, Tao and He, Xiaohai and Qing, Linbo and Teng, Qizhi and Chen, Honggang},
  journal={IEEE Transactions on Multimedia (TMM'2017)},
  volume={PP},
  number={99},
  pages={1-1},
  year={2017},
}


@INPROCEEDINGS{Kappeler2016Super,
author={A. Kappeler and S. Yoo and Q. Dai and A. K. Katsaggelos},
booktitle={IEEE International Conference on Image Processing (ICIP'2016)},
title={Super-resolution of compressed videos using convolutional neural networks},
year={2016},
volume={},
number={},
pages={1150-1154},
month={Sept},}


@article{Yang2012Coupled,
  title={Coupled Dictionary Training for Image Super-Resolution},
  author={Yang, Jianchao and Wang, Zhaowen and Lin, Zhe and Cohen, Scott and Huang, Thomas},
  journal={IEEE Transactions on Image Processing (TIP'2012)},
  volume={21},
  number={8},
  pages={3467-78},
  year={2012},
}


@article{Gunturk2003Eigenface,
  title={Eigenface-domain super-resolution for face recognition},
  author={Gunturk, B. K. and Batur, A. U. and Altunbasak, Y and Mersereau, R. M.},
  journal={IEEE Transactions on Image Processing (TIP'2003)},
  volume={12},
  number={5},
  pages={597},
  year={2003},
}

@article{Demirel2011Discrete,
  title={Discrete Wavelet Transform-Based Satellite Image Resolution Enhancement},
  author={Demirel, Hasan and Anbarjafari, Gholamreza},
  journal={IEEE Transactions on Geoscience and Remote Sensing},
  volume={49},
  number={6},
  pages={1997-2004},
  year={2011},
}

@article{Yang2018Long,
  title={Long-distance object recognition with image super resolution: A comparative study},
  author={Yang, Xiaomin and Wu, Wei and Liu, Kai and Kim, Pyoung Won and Sangaiah, Arun Kumar and Jeon, Gwanggil},
  journal={IEEE Access},
  volume={PP},
  number={99},
  pages={1-1},
  year={2018},
}

@inproceedings{Timofte2014Anchored,
  title={Anchored Neighborhood Regression for Fast Example-Based Super-Resolution},
  author={Timofte, Radu and De, Vincent and Gool, Luc Van},
  booktitle={IEEE International Conference on Computer Vision},
  pages={1920-1927},
  year={2014},
}


@article{Jeong2015Multi,
  title={Multi-frame example-based super-resolution using locally directional self-similarity},
  author={Jeong, Seokhwa and Yoon, Inhye and Paik, Joonki},
  journal={IEEE Transactions on Consumer Electronics},
  volume={61},
  number={3},
  pages={353-358},
  year={2015},
}


@article{Xiong2013Example,
  title={Example-Based Super-Resolution With Soft Information and Decision},
  author={Xiong, Zhiwei and Xu, Dong and Sun, Xiaoyan and Wu, Feng},
  journal={IEEE Transactions on Multimedia (TMM'2013)},
  volume={15},
  number={6},
  pages={1458-1465},
  year={2013},
}


@article{Freedman2011TOG,
 author = {Freedman, Gilad and Fattal, Raanan},
 title = {Image and Video Upscaling from Local Self-examples},
 journal = {ACM Transactions on Graphics (TOG'2011)},
 volume = {30},
 number = {2},
 month = {apr},
 year = {2011},
 pages = {12:1--12:11},
}

@inproceedings{Huang2015Single,
  title={Single image super-resolution from transformed self-exemplars},
  author={Huang, Jia Bin and Singh, Abhishek and Ahuja, Narendra},
  booktitle={IEEE Conference on Computer Vision and Pattern Recognition (CVPR'2015)},
  pages={5197-5206},
  year={2015},
}

@inproceedings{Yang2010Exploiting,
  title={Exploiting self-similarities for single frame super-resolution},
  author={Yang, Chih Yuan and Huang, Jia Bin and Yang, Ming Hsuan},
  booktitle={Asian Conference on Computer Vision (ACCV'2010)},
  pages={497-510},
  year={2010},
}


@inproceedings{Perezpellitero2016PSyCo,
  title={PSyCo: Manifold Span Reduction for Super Resolution},
  author={Perezpellitero, Eduardo and Salvador, Jordi and Ruizhidalgo, Javier and Rosenhahn, Bodo},
  booktitle={IEEE Conference on Computer Vision and Pattern Recognition (CVPR'2016)},
  pages={1837-1845},
  year={2016},
}

@INPROCEEDINGS{Sajjadi2017ICCV,
author={M. S. M. Sajjadi and B. Scholkopf and M. Hirsch},
booktitle={IEEE International Conference on Computer Vision (ICCV'2017)},
title={EnhanceNet: Single Image Super-Resolution Through Automated Texture Synthesis},
year={2017},
volume={},
number={},
pages={4501-4510},
month={Oct},}


@ARTICLE{Walha2016,
author={R. Walha and F. Drira and F. Lebourgeois and A. M. Alimi and C. Garcia},
journal={IET Image Processing},
title={Resolution enhancement of textual images: a survey of single image-based methods},
year={2016},
volume={10},
number={4},
pages={325-337},
month={},}


@INPROCEEDINGS{Agustsson2017cvpr,
author={E. Agustsson and R. Timofte},
booktitle={IEEE Conference on Computer Vision and Pattern Recognition Workshops (CVPRW'2017)},
title={NTIRE 2017 Challenge on Single Image Super-Resolution: Dataset and Study},
year={2017},
volume={},
number={},
pages={1122-1131},
month={July},}


@article{Kingma2014Adam,
  title={Adam: A Method for Stochastic Optimization},
  author={Kingma, Diederik and Ba, Jimmy},
  journal={International Conference on Learning Representations (ICLR'2015)},
  year={2015},
}


@InProceedings{Dong2014Learning,
  title={Learning a Deep Convolutional Network for Image Super-Resolution},
  author={Dong, Chao and Chen, Change Loy and He, Kaiming and Tang, Xiaoou},
  booktitle={Proceedings of European Conference on Computer Vision (ECCV'2014)},
  pages={184-199},
  year={2014},
}
