
% Journals

% First the Full Name is given, then the abbreviation used in the AMS Math
% Reviews, with an indication if it could not be found there.
% Note the 2nd overwrites the 1st, so swap them if you want the full name.

 %{AMS}
 @String{AMSTrans = "American Mathematical Society Translations" }
 @String{AMSTrans = "Amer. Math. Soc. Transl." }
 @String{BullAMS = "Bulletin of the American Mathematical Society" }
 @String{BullAMS = "Bull. Amer. Math. Soc." }
 @String{ProcAMS = "Proceedings of the American Mathematical Society" }
 @String{ProcAMS = "Proc. Amer. Math. Soc." }
 @String{TransAMS = "Transactions of the American Mathematical Society" }
 @String{TransAMS = "Trans. Amer. Math. Soc." }

 %ACM
 @String{CACM = "Communications of the {ACM}" }
 @String{CACM = "Commun. {ACM}" }
 @String{CompServ = "Comput. Surveys" }
 @String{JACM = "J. ACM" }
 @String{ACMMathSoft = "{ACM} Transactions on Mathematical Software" }
 @String{ACMMathSoft = "{ACM} Trans. Math. Software" }
 @String{SIGNUM = "{ACM} {SIGNUM} Newsletter" }
 @String{SIGNUM = "{ACM} {SIGNUM} Newslett." }

 @String{AmerSocio = "American Journal of Sociology" }
 @String{AmerStatAssoc = "Journal of the American Statistical Association" }
 @String{AmerStatAssoc = "J. Amer. Statist. Assoc." }
 @String{ApplMathComp = "Applied Mathematics and Computation" }
 @String{ApplMathComp = "Appl. Math. Comput." }
 @String{AmerMathMonthly = "American Mathematical Monthly" }
 @String{AmerMathMonthly = "Amer. Math. Monthly" }
 @String{BIT = "{BIT}" }
 @String{BritStatPsych = "British Journal of Mathematical and Statistical
          Psychology" }
 @String{BritStatPsych = "Brit. J. Math. Statist. Psych." }
 @String{CanMathBull = "Canadian Mathematical Bulletin" }
 @String{CanMathBull = "Canad. Math. Bull." }
 @String{CompApplMath = "Journal of Computational and Applied Mathematics" }
 @String{CompApplMath = "J. Comput. Appl. Math." }
 @String{CompPhys = "Journal of Computational Physics" }
 @String{CompPhys = "J. Comput. Phys." }
 @String{CompStruct = "Computers and Structures" }
 @String{CompStruct = "Comput. \& Structures" }
 @String{CompJour = "The Computer Journal" }
 @String{CompJour = "Comput. J." }
 @String{CompSysSci = "Journal of Computer and System Sciences" }
 @String{CompSysSci = "J. Comput. System Sci." }
 @String{Computing = "Computing" }
 @String{ContempMath = "Contemporary Mathematics" }
 @String{ContempMath = "Contemp. Math." }
 @String{Crelle = "Crelle's Journal" }
 @String{GiornaleMath = "Giornale di Mathematiche" }
 @String{GiornaleMath = "Giorn. Mat." } % didn't find in AMS MR., ibid.

 %IEEE
 @String{Computer = "{IEEE} Computer" }
 @String{IEEETransComp = "{IEEE} Transactions on Computers" }
 @String{IEEETransComp = "{IEEE} Trans. Comput." }
 @String{IEEETransAC = "{IEEE} Transactions on Automatic Control" }
 @String{IEEETransAC = "{IEEE} Trans. Automat. Control" }
 @String{IEEESpec = "{IEEE} Spectrum" } % didn't find in AMS MR
 @String{ProcIEEE = "Proceedings of the {IEEE}" }
 @String{ProcIEEE = "Proc. {IEEE}" } % didn't find in AMS MR
 @String{IEEETransAeroElec = "{IEEE} Transactions on Aerospace and Electronic
     Systems" }
 @String{IEEETransAeroElec = "{IEEE} Trans. Aerospace Electron. Systems" }

 @String{IMANumerAna = "{IMA} Journal of Numerical Analysis" }
 @String{IMANumerAna = "{IMA} J. Numer. Anal." }
 @String{InfProcLet = "Information Processing Letters" }
 @String{InfProcLet = "Inform. Process. Lett." }
 @String{InstMathApp = "Journal of the Institute of Mathematics and
     its Applications" }
 @String{InstMathApp = "J. Inst. Math. Appl." }
 @String{IntControl = "International Journal of Control" }
 @String{IntControl = "Internat. J. Control" }
 @String{IntNumerEng = "International Journal for Numerical Methods in
     Engineering" }
 @String{IntNumerEng = "Internat. J. Numer. Methods Engrg." }
 @String{IntSuper = "International Journal of Supercomputing Applications" }
 @String{IntSuper = "Internat. J. Supercomputing Applic." } % didn't find
%% in AMS MR
 @String{Kibernetika = "Kibernetika" }
 @String{JResNatBurStand = "Journal of Research of the National Bureau
     of Standards" }
 @String{JResNatBurStand = "J. Res. Nat. Bur. Standards" }
 @String{LinAlgApp = "Linear Algebra and its Applications" }
 @String{LinAlgApp = "Linear Algebra Appl." }
 @String{MathAnaAppl = "Journal of Mathematical Analysis and Applications" }
 @String{MathAnaAppl = "J. Math. Anal. Appl." }
 @String{MathAnnalen = "Mathematische Annalen" }
 @String{MathAnnalen = "Math. Ann." }
 @String{MathPhys = "Journal of Mathematical Physics" }
 @String{MathPhys = "J. Math. Phys." }
 @String{MathComp = "Mathematics of Computation" }
 @String{MathComp = "Math. Comp." }
 @String{MathScand = "Mathematica Scandinavica" }
 @String{MathScand = "Math. Scand." }
 @String{TablesAidsComp = "Mathematical Tables and Other Aids to Computation" }
 @String{TablesAidsComp = "Math. Tables Aids Comput." }
 @String{NumerMath = "Numerische Mathematik" }
 @String{NumerMath = "Numer. Math." }
 @String{PacificMath = "Pacific Journal of Mathematics" }
 @String{PacificMath = "Pacific J. Math." }
 @String{ParDistComp = "Journal of Parallel and Distributed Computing" }
 @String{ParDistComp = "J. Parallel and Distrib. Comput." } % didn't find
%% in AMS MR
 @String{ParComputing = "Parallel Computing" }
 @String{ParComputing = "Parallel Comput." }
 @String{PhilMag = "Philosophical Magazine" }
 @String{PhilMag = "Philos. Mag." }
 @String{ProcNAS = "Proceedings of the National Academy of Sciences
                    of the USA" }
 @String{ProcNAS = "Proc. Nat. Acad. Sci. U. S. A." }
 @String{Psychometrika = "Psychometrika" }
 @String{QuartMath = "Quarterly Journal of Mathematics, Oxford, Series (2)" }
 @String{QuartMath = "Quart. J. Math. Oxford Ser. (2)" }
 @String{QuartApplMath = "Quarterly of Applied Mathematics" }
 @String{QuartApplMath = "Quart. Appl. Math." }
 @String{RevueInstStat = "Review of the International Statisical Institute" }
 @String{RevueInstStat = "Rev. Inst. Internat. Statist." }

 %SIAM
 @String{JSIAM = "Journal of the Society for Industrial and Applied
     Mathematics" }
 @String{JSIAM = "J. Soc. Indust. Appl. Math." }
 @String{JSIAMB = "Journal of the Society for Industrial and Applied
     Mathematics, Series B, Numerical Analysis" }
 @String{JSIAMB = "J. Soc. Indust. Appl. Math. Ser. B Numer. Anal." }
 @String{SIAMAlgMeth = "{SIAM} Journal on Algebraic and Discrete Methods" }
 @String{SIAMAlgMeth = "{SIAM} J. Algebraic Discrete Methods" }
 @String{SIAMAppMath = "{SIAM} Journal on Applied Mathematics" }
 @String{SIAMAppMath = "{SIAM} J. Appl. Math." }
 @String{SIAMComp = "{SIAM} Journal on Computing" }
 @String{SIAMComp = "{SIAM} J. Comput." }
 @String{SIAMMatrix = "{SIAM} Journal on Matrix Analysis and Applications" }
 @String{SIAMMatrix = "{SIAM} J. Matrix Anal. Appl." }
 @String{SIAMNumAnal = "{SIAM} Journal on Numerical Analysis" }
 @String{SIAMNumAnal = "{SIAM} J. Numer. Anal." }
 @String{SIAMReview = "{SIAM} Review" }
 @String{SIAMReview = "{SIAM} Rev." }
 @String{SIAMSciStat = "{SIAM} Journal on Scientific and Statistical
     Computing" }
 @String{SIAMSciStat = "{SIAM} J. Sci. Statist. Comput." }

 @String{SoftPracExp = "Software Practice and Experience" }
 @String{SoftPracExp = "Software Prac. Experience" } % didn't find in AMS MR
 @String{StatScience = "Statistical Science" }
 @String{StatScience = "Statist. Sci." }
 @String{Techno = "Technometrics" }
 @String{USSRCompMathPhys = "{USSR} Computational Mathematics and Mathematical
     Physics" }
 @String{USSRCompMathPhys = "{U. S. S. R.} Comput. Math. and Math. Phys." }
 @String{VLSICompSys = "Journal of {VLSI} and Computer Systems" }
 @String{VLSICompSys = "J. {VLSI} Comput. Syst." }
 @String{ZAngewMathMech = "Zeitschrift fur Angewandte Mathematik und
     Mechanik" }
 @String{ZAngewMathMech = "Z. Angew. Math. Mech." }
 @String{ZAngewMathPhys = "Zeitschrift fur Angewandte Mathematik und Physik" }
 @String{ZAngewMathPhys = "Z. Angew. Math. Phys." }

% Publishers % ================================================= |

 @String{Academic = "Academic Press" }
 @String{ACMPress = "{ACM} Press" }
 @String{AdamHilger = "Adam Hilger" }
 @String{AddisonWesley = "Addison-Wesley" }
 @String{AllynBacon = "Allyn and Bacon" }
 @String{AMS = "American Mathematical Society" }
 @String{Birkhauser = "Birkha{\"u}ser" }
 @String{CambridgePress = "Cambridge University Press" }
 @String{Chelsea = "Chelsea" }
 @String{ClaredonPress = "Claredon Press" }
 @String{DoverPub = "Dover Publications" }
 @String{Eyolles = "Eyolles" }
 @String{HoltRinehartWinston = "Holt, Rinehart and Winston" }
 @String{Interscience = "Interscience" }
 @String{JohnsHopkinsPress = "The Johns Hopkins University Press" }
 @String{JohnWileySons = "John Wiley and Sons" }
 @String{Macmillan = "Macmillan" }
 @String{MathWorks = "The Math Works Inc." }
 @String{McGrawHill = "McGraw-Hill" }
 @String{NatBurStd = "National Bureau of Standards" }
 @String{NorthHolland = "North-Holland" }
 @String{OxfordPress = "Oxford University Press" }  %address Oxford or London?
 @String{PergamonPress = "Pergamon Press" }
 @String{PlenumPress = "Plenum Press" }
 @String{PrenticeHall = "Prentice-Hall" }
 @String{SIAMPub = "{SIAM} Publications" }
 @String{Springer = "Springer-Verlag" }
 @String{TexasPress = "University of Texas Press" }
 @String{VanNostrand = "Van Nostrand" }
 @String{WHFreeman = "W. H. Freeman and Co." }

%Entries
@inproceedings{li2013membership,
title        = {Membership privacy: a unifying framework for privacy definitions},
author       = {Li, Ninghui and Qardaji, Wahbeh and Su, Dong and Wu, Yi and Yang, Weining},
booktitle    = {Proceedings of the 2013 ACM SIGSAC conference on Computer \& communications security},
pages        = {889--900},
year         = {2013}
}

@inproceedings{shokri2017membership,
title        = {Membership inference attacks against machine learning models},
author       = {Shokri, Reza and Stronati, Marco and Song, Congzheng and Shmatikov, Vitaly},
booktitle    = {2017 IEEE Symposium on Security and Privacy (SP)},
pages        = {3--18},
year         = {2017},
organization = {IEEE}
}

@inproceedings{yeom2018privacy,
title        = {Privacy risk in machine learning: Analyzing the connection to overfitting},
author       = {Yeom, Samuel and Giacomelli, Irene and Fredrikson, Matt and Jha, Somesh},
booktitle    = {2018 IEEE 31st Computer Security Foundations Symposium (CSF)},
pages        = {268--282},
year         = {2018},
organization = {IEEE}
}

@article{truex2019demystifying,
title        = {Demystifying membership inference attacks in machine learning as a service},
author       = {Truex, Stacey and Liu, Ling and Gursoy, Mehmet Emre and Yu, Lei and Wei, Wenqi},
journal      = {IEEE Transactions on Services Computing},
year         = {2019},
publisher    = {IEEE}
}

@misc{hayes2018logan,
title        = {LOGAN: Membership Inference Attacks Against Generative Models}, 
author       = {Jamie Hayes and Luca Melis and George Danezis and Emiliano De Cristofaro},
year         = {2018},
eprint       = {1705.07663},
archivePrefix = {arXiv},
primaryClass = {cs.CR}
}

@misc{hilprecht2019reconstruction,
title        = {Reconstruction and Membership Inference Attacks against Generative Models},
author       = {Benjamin Hilprecht and Martin Härterich and Daniel Bernau},
year         = {2019},
eprint       = {1906.03006},
archivePrefix = {arXiv},
primaryClass = {cs.CR}
}

@inproceedings{chen2020gan,
title        = {Gan-leaks: A taxonomy of membership inference attacks against generative models},
author       = {Chen, Dingfan and Yu, Ning and Zhang, Yang and Fritz, Mario},
booktitle    = {Proceedings of the 2020 ACM SIGSAC Conference on Computer and Communications Security},
pages        = {343--362},
year         = {2020}
}

@article{ganin2016domain,
title        = {Domain-adversarial training of neural networks},
author       = {Ganin, Yaroslav and Ustinova, Evgeniya and Ajakan, Hana and Germain, Pascal and Larochelle, Hugo and Laviolette, Fran{\c{c}}ois and Marchand, Mario and Lempitsky, Victor},
journal      = {The journal of machine learning research},
volume       = {17},
number       = {1},
pages        = {2096--2030},
year         = {2016},
publisher    = {JMLR. org}
}

@inproceedings{nasr2018machine,
title        = {Machine learning with membership privacy using adversarial regularization},
author       = {Nasr, Milad and Shokri, Reza and Houmansadr, Amir},
booktitle    = {Proceedings of the 2018 ACM SIGSAC Conference on Computer and Communications Security},
pages        = {634--646},
year         = {2018}
}

@article{huang2021damia,
title        = {DAMIA: Leveraging Domain Adaptation as a Defense against Membership Inference Attacks},
author       = {Huang, Hongwei and Luo, Weiqi and Zeng, Guoqiang and Weng, Jian and Zhang, Yue and Yang, Anjia},
journal      = {IEEE Transactions on Dependable and Secure Computing},
year         = {2021},
publisher    = {IEEE}
}

@inproceedings{dwork2006calibrating,
title        = {Calibrating noise to sensitivity in private data analysis},
author       = {Dwork, Cynthia and McSherry, Frank and Nissim, Kobbi and Smith, Adam},
booktitle    = {Theory of cryptography conference},
pages        = {265--284},
year         = {2006},
organization = {Springer}
}

@inproceedings{abadi2016deep,
title        = {Deep learning with differential privacy},
author       = {Abadi, Martin and Chu, Andy and Goodfellow, Ian and McMahan, H Brendan and Mironov, Ilya and Talwar, Kunal and Zhang, Li},
booktitle    = {Proceedings of the 2016 ACM SIGSAC conference on computer and communications security},
pages        = {308--318},
year         = {2016}
}

@article{xie2018differentially,
title        = {Differentially private generative adversarial network},
author       = {Xie, Liyang and Lin, Kaixiang and Wang, Shu and Wang, Fei and Zhou, Jiayu},
journal      = {arXiv preprint arXiv:1802.06739},
year         = {2018}
}

@inproceedings{nasr2019comprehensive,
title        = {Comprehensive privacy analysis of deep learning: Passive and active white-box inference attacks against centralized and federated learning},
author       = {Nasr, Milad and Shokri, Reza and Houmansadr, Amir},
booktitle    = {2019 IEEE symposium on security and privacy (SP)},
pages        = {739--753},
year         = {2019},
organization = {IEEE}
}

@incollection{qmnist-2019,
   title = {Cold Case: The Lost MNIST Digits},
   author = {Chhavi Yadav and L\'{e}on Bottou},
   booktitle = {Advances in Neural Information Processing Systems 32},
   year = {2019},
   publisher = {Curran Associates, Inc.},
}

@article{lecun1998gradient,
  title={Gradient-based learning applied to document recognition},
  author={LeCun, Yann and Bottou, L{\'e}on and Bengio, Yoshua and Haffner, Patrick},
  journal={Proceedings of the IEEE},
  volume={86},
  number={11},
  pages={2278--2324},
  year={1998},
  publisher={Ieee}
}

@inproceedings{he2016deep,
  title={Deep residual learning for image recognition},
  author={He, Kaiming and Zhang, Xiangyu and Ren, Shaoqing and Sun, Jian},
  booktitle={Proceedings of the IEEE conference on computer vision and pattern recognition},
  pages={770--778},
  year={2016}
}

@article{simonyan2014very,
  title={Very deep convolutional networks for large-scale image recognition},
  author={Simonyan, Karen and Zisserman, Andrew},
  journal={arXiv preprint arXiv:1409.1556},
  year={2014}
}

@article{tan2021efficientnetv2,
  title={Efficientnetv2: Smaller models and faster training},
  author={Tan, Mingxing and Le, Quoc V},
  journal={arXiv preprint arXiv:2104.00298},
  year={2021}
}

@inproceedings{deng2009imagenet,
  title={Imagenet: A large-scale hierarchical image database},
  author={Deng, Jia and Dong, Wei and Socher, Richard and Li, Li-Jia and Li, Kai and Fei-Fei, Li},
  booktitle={2009 IEEE conference on computer vision and pattern recognition},
  pages={248--255},
  year={2009},
  organization={Ieee}
}

@TECHREPORT{krizhevsky2009learning,
  title={Learning multiple layers of features from tiny images},
  author={Krizhevsky, Alex and Hinton, Geoffrey and others},
  institution = {},
  year={2009},
  publisher={Citeseer}
}

@article{rahman2018membership,
  title={Membership Inference Attack against Differentially Private Deep Learning Model.},
  author={Rahman, Md Atiqur and Rahman, Tanzila and Lagani{\`e}re, Robert and Mohammed, Noman and Wang, Yang},
  journal={Trans. Data Priv.},
  volume={11},
  number={1},
  pages={61--79},
  year={2018}
}

@article{Dwork2017, 
  title={Calibrating Noise to Sensitivity in Private Data Analysis},
  author={Dwork, Cynthia and McSherry, Frank and Nissim, Kobbi and Smith, Adam}, 
  url={https://journalprivacyconfidentiality.org/index.php/jpc/article/view/405},
  volume={7},
  number={3}, 
  journal={Journal of Privacy and Confidentiality}, 
  pages={17–51},
  DOI={10.29012/jpc.v7i3.405},  
  year={2017}, 
  month={May}
}
  
@article{zhuDeepSubdomainAdaptation2021,
  title = {Deep {{Subdomain Adaptation Network}} for {{Image Classification}}},
  author = {Zhu, Yongchun and Zhuang, Fuzhen and Wang, Jindong and Ke, Guolin and Chen, Jingwu and Bian, Jiang and Xiong, Hui and He, Qing},
  year = {2021},
  month = apr,
  volume = {32},
  pages = {1713--1722},
  issn = {2162-237X, 2162-2388},
  doi = {10.1109/TNNLS.2020.2988928},
  abstract = {For a target task where the labeled data are unavailable, domain adaptation can transfer a learner from a different source domain. Previous deep domain adaptation methods mainly learn a global domain shift, i.e., align the global source and target distributions without considering the relationships between two subdomains within the same category of different domains, leading to unsatisfying transfer learning performance without capturing the fine-grained information. Recently, more and more researchers pay attention to subdomain adaptation that focuses on accurately aligning the distributions of the relevant subdomains. However, most of them are adversarial methods that contain several loss functions and converge slowly. Based on this, we present a deep subdomain adaptation network (DSAN) that learns a transfer network by aligning the relevant subdomain distributions of domain-specific layer activations across different domains based on a local maximum mean discrepancy (LMMD). Our DSAN is very simple but effective, which does not need adversarial training and converges fast. The adaptation can be achieved easily with most feedforward network models by extending them with LMMD loss, which can be trained efficiently via backpropagation. Experiments demonstrate that DSAN can achieve remarkable results on both object recognition tasks and digit classification tasks. Our code will be available at https://github.com/easezyc/deep-transfer-learning.},
  journal = {IEEE Transactions on Neural Networks and Learning Systems},
  language = {en},
  number = {4}
}
  
@Misc{deepdaJindong,
howpublished={\url{https://github.com/jindongwang/transferlearning/tree/master/code/DeepDA}},
title={DeepDA: Deep Domain Adaptation Toolkit},
author={Wang, Jindong and Hou, Wenxin},
year={2017}
}  

@misc{
sun2021omniprint,
title={OmniPrint: A Configurable Printed Character Synthesizer},
author={Haozhe Sun and Wei-Wei Tu and Isabelle M Guyon},
year={2021},
url={https://openreview.net/forum?id=R07XwJPmgpl}
}

@article{long2017towards,
  title={Towards measuring membership privacy},
  author={Long, Yunhui and Bindschaedler, Vincent and Gunter, Carl A},
  journal={arXiv preprint arXiv:1712.09136},
  year={2017}
}
  
@article{liu2020mace,
  title={Mace: A flexible framework for membership privacy estimation in generative models},
  author={Liu, Xiyang and Xu, Yixi and Tople, Shruti and Mukherjee, Sumit and Ferres, Juan Lavista},
  journal={arXiv preprint arXiv:2009.05683},
  year={2020}
}
  
@ARTICLE{guyon-1998,
  author={Guyon, I. and Makhoul, J. and Schwartz, R. and Vapnik, V.},
  journal={IEEE Transactions on Pattern Analysis and Machine Intelligence}, 
  title={What size test set gives good error rate estimates?}, 
  year={1998},
  volume={20},
  number={1},
  pages={52-64},
  doi={10.1109/34.655649}}
  
@inproceedings{song2021systematic,
    title={Systematic evaluation of privacy risks of machine learning models},
    author={Song, Liwei and Mittal, Prateek},
    booktitle={30th $\{$USENIX$\}$ Security Symposium ($\{$USENIX$\}$ Security 21)},
    year={2021}
}

@article{jayaraman2020revisiting,
  title={Revisiting membership inference under realistic assumptions},
  author={Jayaraman, Bargav and Wang, Lingxiao and Knipmeyer, Katherine and Gu, Quanquan and Evans, David},
  journal={arXiv preprint arXiv:2005.10881},
  year={2020}
}

@inproceedings{sablayrolles2019white,
  title={White-box vs black-box: Bayes optimal strategies for membership inference},
  author={Sablayrolles, Alexandre and Douze, Matthijs and Schmid, Cordelia and Ollivier, Yann and J{\'e}gou, Herv{\'e}},
  booktitle={International Conference on Machine Learning},
  pages={5558--5567},
  year={2019},
  organization={PMLR}
}