@book{cameron1994combinatorics,
  title={Combinatorics: topics, techniques, algorithms},
  author={Cameron, Peter J and others},
  year={1994},
  publisher={Cambridge University Press}
}


@incollection{Mansour1994LearningBF,
  title={Learning Boolean functions via the Fourier transform},
  author={Mansour, Yishay},
  booktitle={Theoretical advances in neural computation and learning},
  pages={391--424},
  year={1994},
  publisher={Springer}
}

@article{jiang2018convergence,
  title={Convergence of contrastive divergence algorithm in exponential family},
  author={Jiang, Bai and Wu, Tung-Yu and Jin, Yifan and Wong, Wing H},
  journal={The Annals of Statistics},
  volume={46},
  number={6A},
  pages={3067--3098},
  year={2018},
  publisher={Institute of Mathematical Statistics}
}

@inproceedings{DBLP:conf/sat/LauriaENV17,
  author    = {Massimo Lauria and
               Jan Elffers and
               Jakob Nordstr{\"{o}}m and
               Marc Vinyals},
  title     = {CNFgen: {A} Generator of Crafted Benchmarks},
  booktitle = {{SAT}},
  volume    = {10491},
  pages     = {464--473},
  publisher = {Springer},
  year      = {2017}
}

@book{tutte2001graph,
  title={Graph Theory},
  author={Tutte, W.T.},
  isbn={9780521794893},
  lccn={83012210},
  series={Cambridge Mathematical Library},
  year={2001},
  publisher={Cambridge University Press}
}


%  CD
@inproceedings{DBLP:conf/aistats/Carreira-Perpinan05,
  author    = {Miguel {\'{A}}. Carreira{-}Perpi{\~{n}}{\'{a}}n and
               Geoffrey E. Hinton},
  title     = {On Contrastive Divergence Learning},
  booktitle = {{AISTATS}},
  publisher = {Society for Artificial Intelligence and Statistics},
  year      = {2005}
}

@article{DBLP:journals/neco/Hinton02,
  author    = {Geoffrey E. Hinton},
  title     = {Training Products of Experts by Minimizing Contrastive Divergence},
  journal   = {Neural Comput.},
  volume    = {14},
  number    = {8},
  pages     = {1771--1800},
  year      = {2002}
}

@article{DBLP:journals/tsp/WainwrightJ06,
  author    = {Martin J. Wainwright and
               Michael I. Jordan},
  title     = {Log-determinant relaxation for approximate inference in discrete Markov
               random fields},
  journal   = {{IEEE} Trans. Signal Process.},
  volume    = {54},
  number    = {6-1},
  pages     = {2099--2109},
  year      = {2006}
}

@inproceedings{DBLP:journals/jmlr/LarochelleM11,
  author    = {Hugo Larochelle and
               Iain Murray},
  title     = {The Neural Autoregressive Distribution Estimator},
  booktitle = {{AISTATS}},
  series    = {{JMLR} Proceedings},
  volume    = {15},
  pages     = {29--37},
  publisher = {JMLR.org},
  year      = {2011}
}



@inproceedings{DBLP:conf/nips/GoodfellowPMXWOCB14,
  author    = {Ian J. Goodfellow and
               Jean Pouget{-}Abadie and
               Mehdi Mirza and
               Bing Xu and
               David Warde{-}Farley and
               Sherjil Ozair and
               Aaron C. Courville and
               Yoshua Bengio},
  title     = {Generative Adversarial Nets},
  booktitle = {{NIPS}},
  pages     = {2672--2680},
  year      = {2014}
}

% lovasz
@inproceedings{erdHos1973problems,
  title={Problems and results on 3-chromatic hypergraphs and some related questions},
  author={Erd{\H{o}}s, Paul and Lov{\'a}sz, L{\'a}szl{\'o}},
  booktitle={Colloquia Mathematica Societatis Janos Bolyai 10. Infinite and Finite Sets, Keszthely (Hungary)},
  year={1973},
  organization={Citeseer}
}
@article{DBLP:journals/talg/HaeuplerH17,
  author    = {Bernhard Haeupler and
               David G. Harris},
  title     = {Parallel Algorithms and Concentration Bounds for the Lov{\'{a}}sz
               Local Lemma via Witness DAGs},
  journal   = {{ACM} Trans. Algorithms},
  volume    = {13},
  number    = {4},
  pages     = {53:1--53:25},
  year      = {2017}
}
@article{DBLP:journals/jacm/GuoJL19,
  author    = {Heng Guo and
               Mark Jerrum and
               Jingcheng Liu},
  title     = {Uniform Sampling Through the Lov{\'{a}}sz Local Lemma},
  journal   = {J. {ACM}},
  volume    = {66},
  number    = {3},
  pages     = {18:1--18:31},
  year      = {2019}
}
@misc{DBLP:journals/arxiv/jerrum2021,
  author    = {Mark Jerrum},
  title     = {Fundamentals of Partial Rejection Sampling},
  journal   = {CoRR},
  eprint="2106.07744",
  archivePrefix="arXiv",
  year      = {2021}
}
@inproceedings{DBLP:conf/soda/Harris22,
  author    = {David G. Harris},
  title     = {Deterministic algorithms for the Lov{\'{a}}sz Local Lemma: simpler,
               more general, and more parallel},
  booktitle = {{SODA}},
  pages     = {1744--1779},
  publisher = {{SIAM}},
  year      = {2022}
}
@inproceedings{DBLP:conf/approx/HarrisIK21,
  author    = {David G. Harris and
               Fotis Iliopoulos and
               Vladimir Kolmogorov},
  title     = {A New Notion of Commutativity for the Algorithmic Lov{\'{a}}sz
               Local Lemma},
  booktitle = {{APPROX-RANDOM}},
  series    = {LIPIcs},
  volume    = {207},
  pages     = {31:1--31:25},
  publisher = {Schloss Dagstuhl - Leibniz-Zentrum f{\"{u}}r Informatik},
  year      = {2021}
}
@article{DBLP:journals/jacm/FengGYZ21,
  author    = {Weiming Feng and
               Heng Guo and
               Yitong Yin and
               Chihao Zhang},
  title     = {Fast Sampling and Counting \emph{k}-SAT Solutions in the Local Lemma
               Regime},
  journal   = {J. {ACM}},
  volume    = {68},
  number    = {6},
  pages     = {40:1--40:42},
  year      = {2021}
}
@inproceedings{DBLP:conf/stoc/Feng0Y21,
  author    = {Weiming Feng and
               Kun He and
               Yitong Yin},
  title     = {Sampling constraint satisfaction solutions in the local lemma regime},
  booktitle = {{STOC}},
  pages     = {1565--1578},
  publisher = {{ACM}},
  year      = {2021}
}
@article{samplinglll2022,
  author = {He, Kun and Wang, Chunyang and Yin, Yitong},
  title = {Sampling Lov\'asz Local Lemma For General Constraint Satisfaction Solutions In Near-Linear Time},
  publisher = {arXiv},
  year = {2022},
}
@inproceedings{DBLP:conf/focs/JainPV21,
  author    = {Vishesh Jain and
               Huy Tuan Pham and
               Thuy Duong Vuong},
  title     = {Towards the sampling Lov{\'{a}}sz Local Lemma},
  booktitle = {{FOCS}},
  pages     = {173--183},
  publisher = {{IEEE}},
  year      = {2021}
}
@article{DBLP:journals/algorithms/Farago21a,
  author    = {Andr{\'{a}}s Farag{\'{o}}},
  title     = {A Meeting Point of Probability, Graphs, and Algorithms: The Lov{\'{a}}sz
               Local Lemma and Related Results - {A} Survey},
  journal   = {Algorithms},
  volume    = {14},
  number    = {12},
  pages     = {355},
  year      = {2021}
}



@inproceedings{DBLP:conf/icml/0020EWTM21,
  author    = {Hao Wu and
               Babak Esmaeili and
               Michael L. Wick and
               Jean{-}Baptiste Tristan and
               Jan{-}Willem van de Meent},
  title     = {Conjugate Energy-Based Models},
  booktitle = {{ICML}},
  volume    = {139},
  pages     = {11228--11239},
  publisher = {{PMLR}},
  year      = {2021}
}

@inproceedings{DBLP:conf/icml/DingMXX21,
  author    = {Fan Ding and
               Jianzhu Ma and
               Jinbo Xu and
               Yexiang Xue},
  title     = {{XOR-CD:} Linearly Convergent Constrained Structure Generation},
  booktitle = {{ICML}},
  series    = {Proceedings of Machine Learning Research},
  volume    = {139},
  pages     = {2728--2738},
  publisher = {{PMLR}},
  year      = {2021}
}
@article{DBLP:journals/jiis/PopescuEFUALPET22,
  author    = {Andrei Popescu and
               Seda Polat Erdeniz and
               Alexander Felfernig and
               Mathias Uta and
               M{\"{u}}sl{\"{u}}m Atas and
               Viet{-}Man Le and
               Klaus Pilsl and
               Martin Enzelsberger and
               Thi Ngoc Trang Tran},
  title     = {An overview of machine learning techniques in constraint solving},
  journal   = {J. Intell. Inf. Syst.},
  volume    = {58},
  number    = {1},
  pages     = {91--118},
  year      = {2022}
}

@inproceedings{DBLP:conf/icml/AmosK17,
  author    = {Brandon Amos and
               J. Zico Kolter},
  title     = {OptNet: Differentiable Optimization as a Layer in Neural Networks},
  booktitle = {{ICML}},
  volume    = {70},
  pages     = {136--145},
  publisher = {{PMLR}},
  year      = {2017}
}

@article{DBLP:journals/jacm/MoserT10,
  author    = {Robin A. Moser and
               G{\'{a}}bor Tardos},
  title     = {A constructive proof of the general lov{\'{a}}sz local lemma},
  journal   = {J. {ACM}},
  volume    = {57},
  number    = {2},
  pages     = {11:1--11:15},
  year      = {2010}
}
@article{DBLP:journals/rsa/Beck91a,
  author    = {J{\'{o}}zsef Beck},
  title     = {An Algorithmic Approach to the Lov{\'{a}}sz Local Lemma. {I}},
  journal   = {Random Struct. Algorithms},
  volume    = {2},
  number    = {4},
  pages     = {343--366},
  year      = {1991}
}
@article{DBLP:journals/rsa/Alon91,
  author    = {Noga Alon},
  title     = {A Parallel Algorithmic Version of the Local Lemma},
  journal   = {Random Struct. Algorithms},
  volume    = {2},
  number    = {4},
  pages     = {367--378},
  year      = {1991}
}
@article{DBLP:journals/rsa/CzumajS00,
  author    = {Artur Czumaj and
               Christian Scheideler},
  title     = {Coloring nonuniform hypergraphs: {A} new algorithmic approach to the
               general Lov{\'{a}}sz local lemma},
  journal   = {Random Struct. Algorithms},
  volume    = {17},
  number    = {3-4},
  pages     = {213--237},
  year      = {2000}
}
@inproceedings{DBLP:conf/soda/Srinivasan08,
  author    = {Aravind Srinivasan},
  title     = {Improved algorithmic versions of the Lov{\'{a}}sz Local Lemma},
  booktitle = {{SODA}},
  pages     = {611--620},
  publisher = {{SIAM}},
  year      = {2008}
}

@article{DBLP:journals/jacm/Moitra19,
  author    = {Ankur Moitra},
  title     = {Approximate Counting, the Lov{\'{a}}sz Local Lemma, and Inference
               in Graphical Models},
  journal   = {J. {ACM}},
  volume    = {66},
  number    = {2},
  pages     = {10:1--10:25},
  year      = {2019}
}

% counting vs sampling 
@article{DBLP:journals/tcs/JerrumVV86,
  author    = {Mark Jerrum and
               Leslie G. Valiant and
               Vijay V. Vazirani},
  title     = {Random Generation of Combinatorial Structures from a Uniform Distribution},
  journal   = {Theor. Comput. Sci.},
  volume    = {43},
  pages     = {169--188},
  year      = {1986}
}


@inproceedings{DBLP:conf/icml/HanMS15,
  author    = {Insu Han and
               Dmitry Malioutov and
               Jinwoo Shin},
  title     = {Large-scale log-determinant computation through stochastic Chebyshev
               expansions},
  booktitle = {{ICML}},
  volume    = {37},
  pages     = {908--917},
  publisher = {JMLR.org},
  year      = {2015}
}

% exponential family
@phdthesis{furukawa2004development,
  title={Development of Markov random field models based on exponential family conditional distributions},
  author={Furukawa, Kyoji},
  year={2004},
  pages={1--116},
  publisher={Iowa State University}
}


% graph coloring
@article{DBLP:journals/dc/ChungPS17,
  author    = {Kai{-}Min Chung and
               Seth Pettie and
               Hsin{-}Hao Su},
  title     = {Distributed algorithms for the Lov{\'{a}}sz local lemma and graph
               coloring},
  journal   = {Distributed Comput.},
  volume    = {30},
  number    = {4},
  pages     = {261--280},
  year      = {2017}
}



@inproceedings{DBLP:conf/icml/BelangerM16,
  author    = {David Belanger and
               Andrew McCallum},
  title     = {Structured Prediction Energy Networks},
  booktitle = {{ICML}},
  volume    = {48},
  pages     = {983--992},
  publisher = {JMLR.org},
  year      = {2016}
}
@inproceedings{DBLP:conf/nips/ChenT19,
  author    = {Xinyun Chen and
               Yuandong Tian},
  title     = {Learning to Perform Local Rewriting for Combinatorial Optimization},
  booktitle = {NeurIPS},
  pages     = {6278--6289},
  year      = {2019}
}
% exponential family/pgm
@book{koller2009probabilistic,
  title={Probabilistic graphical models: principles and techniques},
  author={Koller, Daphne and Friedman, Nir},
  year={2009},
  publisher={MIT press}
}


@article{DBLP:journals/eor/BengioLP21,
  author    = {Yoshua Bengio and
               Andrea Lodi and
               Antoine Prouvost},
  title     = {Machine learning for combinatorial optimization: {A} methodological
               tour d'horizon},
  journal   = {Eur. J. Oper. Res.},
  volume    = {290},
  number    = {2},
  pages     = {405--421},
  year      = {2021}
}

@inproceedings{DBLP:conf/nips/LiCK18,
  author    = {Zhuwen Li and
               Qifeng Chen and
               Vladlen Koltun},
  title     = {Combinatorial Optimization with Graph Convolutional Networks and Guided
               Tree Search},
  booktitle = {NeurIPS},
  pages     = {537--546},
  year      = {2018}
}

% sat solver
@inproceedings{DBLP:conf/icml/DuanVPRM22,
  author    = {Haonan Duan and
               Pashootan Vaezipoor and
               Max B. Paulus and
               Yangjun Ruan and
               Chris J. Maddison},
  title     = {Augment with Care: Contrastive Learning for Combinatorial Problems},
  booktitle = {{ICML}},
  series    = {Proceedings of Machine Learning Research},
  volume    = {162},
  pages     = {5627--5642},
  publisher = {{PMLR}},
  year      = {2022}
}
@inproceedings{DBLP:conf/iclr/2022geisler,
  author    = {Simon Geisler and
               Johanna Sommer and
               Jan Schuchardt and
               Aleksandar Bojchevski and
               Stephan G{\"{u}}nnemann},
  title     = {Generalization of Neural Combinatorial Solvers Through the Lens of
               Adversarial Robustness},
  booktitle = {{ICLR}},
  publisher = {OpenReview.net},
  year      = {2022}
}
@inproceedings{DBLP:conf/nips/KaraliasL20,
  author    = {Nikolaos Karalias and
               Andreas Loukas},
  title     = {Erdos Goes Neural: an Unsupervised Learning Framework for Combinatorial
               Optimization on Graphs},
  booktitle = {NeurIPS},
  pages     = {6659--6672},
  year      = {2020}
}

@inproceedings{DBLP:conf/ijcai/AgrawalPM21,
  author    = {Durgesh Agrawal and
               Yash Pote and
               Kuldeep S. Meel},
  title     = {Partition Function Estimation: {A} Quantitative Study},
  booktitle = {{IJCAI}},
  pages     = {4276--4285},
  publisher = {ijcai.org},
  year      = {2021}
}
@inproceedings{DBLP:conf/cp/ErmonGS10,
  author    = {Stefano Ermon and
               Carla P. Gomes and
               Bart Selman},
  title     = {Computing the Density of States of Boolean Formulas},
  booktitle = {{CP}},
  volume    = {6308},
  pages     = {38--52},
  publisher = {Springer},
  year      = {2010}
}
% applications in GNN
@article{zhang2020theoretical,
  title={Theoretical and computational guarantees of mean field variational inference for community detection},
  author={Zhang, Anderson Y and Zhou, Harrison H},
  journal={The Annals of Statistics},
  volume={48},
  number={5},
  pages={2575--2598},
  year={2020},
  publisher={Institute of Mathematical Statistics}
}
@inproceedings{DBLP:conf/nips/KrahenbuhlK11,
  author    = {Philipp Kr{\"{a}}henb{\"{u}}hl and
               Vladlen Koltun},
  title     = {Efficient Inference in Fully Connected CRFs with Gaussian Edge Potentials},
  booktitle = {{NIPS}},
  pages     = {109--117},
  year      = {2011}
}

@inproceedings{DBLP:conf/iclr/Nandwani22,
  author    = {Yatin Nandwani and
               Vidit Jain and
               Mausam and
               Parag Singla},
  title     = {Neural Models for Output-Space Invariance in Combinatorial Problems},
  booktitle = {{ICLR}},
  year      = {2022}
}



% combinatorial space
@inproceedings{DBLP:conf/aistats/JainiNW21,
  author    = {Priyank Jaini and
               Didrik Nielsen and
               Max Welling},
  title     = {Sampling in Combinatorial Spaces with SurVAE Flow Augmented {MCMC}},
  booktitle = {{AISTATS}},
  volume    = {130},
  pages     = {3349--3357},
  publisher = {{PMLR}},
  year      = {2021}
}


@article{DBLP:journals/tcs/Valiant79,
  author    = {Leslie G. Valiant},
  title     = {The Complexity of Computing the Permanent},
  journal   = {Theor. Comput. Sci.},
  volume    = {8},
  pages     = {189--201},
  year      = {1979}
}

@article{DBLP:journals/ftml/WainwrightJ08,
  author    = {Martin J. Wainwright and
               Michael I. Jordan},
  title     = {Graphical Models, Exponential Families, and Variational Inference},
  journal   = {Found. Trends Mach. Learn.},
  volume    = {1},
  number    = {1-2},
  pages     = {1--305},
  year      = {2008}
}

@article{DBLP:journals/jmlr/IhlerFW05,
  author    = {Alexander T. Ihler and
               Fisher III, John W.  and
               Alan S. Willsky},
  title     = {Loopy Belief Propagation: Convergence and Effects of Message Errors},
  journal   = {J. Mach. Learn. Res.},
  volume    = {6},
  pages     = {905--936},
  year      = {2005}
}
@inproceedings{DBLP:conf/colt/JainKM18,
  author    = {Vishesh Jain and
               Frederic Koehler and
               Elchanan Mossel},
  title     = {The Mean-Field Approximation: Information Inequalities, Algorithms,
               and Complexity},
  booktitle = {{COLT}},
  volume    = {75},
  pages     = {1326--1347},
  publisher = {{PMLR}},
  year      = {2018}
}

@inproceedings{DBLP:conf/nips/HaddadanZCU21,
  author    = {Shahrzad Haddadan and
               Yue Zhuang and
               Cyrus Cousins and
               Eli Upfal},
  title     = {Fast Doubly-Adaptive {MCMC} to Estimate the Gibbs Partition Function
               with Weak Mixing Time Bounds},
  booktitle = {NeurIPS},
  pages     = {25760--25772},
  year      = {2021}
}


@inproceedings{DBLP:conf/nips/ErmonGSS11,
  author    = {Stefano Ermon and
               Carla P. Gomes and
               Ashish Sabharwal and
               Bart Selman},
  title     = {Accelerated Adaptive Markov Chain for Partition Function Computation},
  booktitle = {{NIPS}},
  pages     = {2744--2752},
  year      = {2011}
}

@article{huber2016perfect,
  title={Perfect simulation},
  author={Huber, Mark L},
  journal={Monographs on Statistics and Applied Probability},
  volume={148},
  pages={148},
  year={2016}
}


% SAT dataset
@inproceedings{DBLP:conf/nips/You0BRL19,
  author    = {Jiaxuan You and
               Haoze Wu and
               Clark W. Barrett and
               Raghuram Ramanujan and
               Jure Leskovec},
  title     = {{G2SAT:} Learning to Generate {SAT} Formulas},
  booktitle = {NeurIPS},
  pages     = {10552--10563},
  year      = {2019}
}

% sat with preference
@article{DBLP:journals/aicom/RosaG13,
  author    = {Emanuele Di Rosa and
               Enrico Giunchiglia},
  title     = {Combining approaches for solving satisfiability problems with qualitative
               preferences},
  journal   = {{AI} Commun.},
  volume    = {26},
  number    = {4},
  pages     = {395--408},
  year      = {2013}
}
@article{DBLP:journals/constraints/RosaGM10,
  author    = {Emanuele Di Rosa and
               Enrico Giunchiglia and
               Marco Maratea},
  title     = {Solving satisfiability problems with preferences},
  journal   = {Constraints An Int. J.},
  volume    = {15},
  number    = {4},
  pages     = {485--515},
  year      = {2010}
}
@inproceedings{DBLP:conf/sac/RosaGO11,
  author    = {Emanuele Di Rosa and
               Enrico Giunchiglia and
               Barry O'Sullivan},
  title     = {Optimal stopping methods for finding high quality solutions to satisfiability
               problems with preferences},
  booktitle = {{SAC}},
  pages     = {901--906},
  publisher = {{ACM}},
  year      = {2011}
}


@article{DBLP:journals/jmlr/PeiMV20,
  author    = {Yan Ru Pei and
               Haik Manukian and
               Massimiliano Di Ventra},
  title     = {Generating Weighted {MAX-2-SAT} Instances with Frustrated Loops: an
               {RBM} Case Study},
  journal   = {J. Mach. Learn. Res.},
  volume    = {21},
  pages     = {159:1--159:55},
  year      = {2020}
}

@article{DBLP:journals/corr/abs-1903-01969,
  author    = {Saeed Amizadeh and
               Sergiy Matusevych and
               Markus Weimer},
  title     = {{PDP:} {A} General Neural Framework for Learning Constraint Satisfaction
               Solvers},
  journal   = {CoRR},
  volume    = {abs/1903.01969},
  year      = {2019}
}
@inproceedings{DBLP:conf/iclr/AmizadehMW19,
  author    = {Saeed Amizadeh and
               Sergiy Matusevych and
               Markus Weimer},
  title     = {Learning To Solve Circuit-SAT: An Unsupervised Differentiable Approach},
  booktitle = {{ICLR} (Poster)},
  year      = {2019}
}


@inproceedings{DBLP:conf/nips/KurinGWC20,
  author    = {Vitaly Kurin and
               Saad Godil and
               Shimon Whiteson and
               Bryan Catanzaro},
  title     = {Can Q-Learning with Graph Networks Learn a Generalizable Branching
               Heuristic for a {SAT} Solver?},
  booktitle = {NeurIPS},
  year      = {2020}
}
@inproceedings{DBLP:conf/aiia/DodaroP19,
  author    = {Carmine Dodaro and
               Alessandro Previti},
  title     = {Minipref: {A} Tool for Preferences in {SAT} (short paper)},
  booktitle = {RCRA + RiCeRcA},
  series    = {{CEUR} Workshop Proceedings},
  volume    = {2538},
  publisher = {CEUR-WS.org},
  year      = {2019}
}
@book{DBLP:series/faia/336,
  editor    = {Armin Biere and
               Marijn Heule and
               Hans van Maaren and
               Toby Walsh},
  title     = {Handbook of Satisfiability - Second Edition},
  series    = {Frontiers in Artificial Intelligence and Applications},
  volume    = {336},
  publisher = {{IOS} Press},
  year      = {2021}
}
@inproceedings{DBLP:conf/icml/DuLTM21,
  author    = {Yilun Du and
               Shuang Li and
               Joshua B. Tenenbaum and
               Igor Mordatch},
  title     = {Improved Contrastive Divergence Training of Energy-Based Models},
  booktitle = {{ICML}},
  volume    = {139},
  pages     = {2837--2848},
  publisher = {{PMLR}},
  year      = {2021}
}

@article{lecun2006tutorial,
  title={A tutorial on energy-based learning},
  author={LeCun, Yann and Chopra, Sumit and Hadsell, Raia and Ranzato, M and Huang, F},
  journal={Predicting structured data},
  volume={1},
  number={0},
  year={2006}
}
@article{DBLP:journals/jal/NiedermeierR00,
  author    = {Rolf Niedermeier and
               Peter Rossmanith},
  title     = {New Upper Bounds for Maximum Satisfiability},
  journal   = {J. Algorithms},
  volume    = {36},
  number    = {1},
  pages     = {63--88},
  year      = {2000}
}

@inproceedings{DBLP:conf/aaai/MitchellSL92,
  author    = {David G. Mitchell and
               Bart Selman and
               Hector J. Levesque},
  title     = {Hard and Easy Distributions of {SAT} Problems},
  booktitle = {{AAAI}},
  pages     = {459--465},
  publisher = {{AAAI} Press / The {MIT} Press},
  year      = {1992}
}
@inproceedings{DBLP:conf/soda/MontanariS07,
  author    = {Andrea Montanari and
               Devavrat Shah},
  title     = {Counting good truth assignments of random \emph{k}-SAT formulae},
  booktitle = {{SODA}},
  pages     = {1255--1264},
  publisher = {{SIAM}},
  year      = {2007}
}
@misc{DBLP:journals/corr/abs-2011-02303,
  author    = {Amin Coja{-}Oghlan and
               No{\"{e}}la M{\"{u}}ller and
               Jean B. Ravelomanana},
  title     = {Belief Propagation on the random k-SAT model},
  journal   = {CoRR},
  year      = {2020},
  eprint="2011.02303",
  archivePrefix="arXiv",
}


@inproceedings{DBLP:conf/nips/HazanMJ13,
  author    = {Tamir Hazan and
               Subhransu Maji and
               Tommi S. Jaakkola},
  title     = {On Sampling from the Gibbs Distribution with Random Maximum A-Posteriori
               Perturbations},
  booktitle = {{NIPS}},
  pages     = {1268--1276},
  year      = {2013}
}

@article{DBLP:journals/iandc/Yamakami12,
  author    = {Tomoyuki Yamakami},
  title     = {Approximate counting for complex-weighted Boolean constraint satisfaction
               problems},
  journal   = {Inf. Comput.},
  volume    = {219},
  pages     = {17--38},
  year      = {2012}
}

@inproceedings{DBLP:conf/ijcai/AgrawalPM21,
  author    = {Durgesh Agrawal and
               Yash Pote and
               Kuldeep S. Meel},
  title     = {Partition Function Estimation: {A} Quantitative Study},
  booktitle = {{IJCAI}},
  pages     = {4276--4285},
  publisher = {ijcai.org},
  year      = {2021}
}


@inproceedings{DBLP:conf/nips/ErmonGSS13,
  author    = {Stefano Ermon and
               Carla P. Gomes and
               Ashish Sabharwal and
               Bart Selman},
  title     = {Embed and Project: Discrete Sampling with Universal Hashing},
  booktitle = {{NIPS}},
  pages     = {2085--2093},
  year      = {2013}
}
% related work - learn sat

% baseline TSP
@inproceedings{DBLP:conf/aaai/FuQZ21,
  author    = {Zhang{-}Hua Fu and
               Kai{-}Bin Qiu and
               Hongyuan Zha},
  title     = {Generalize a Small Pre-trained Model to Arbitrarily Large {TSP} Instances},
  booktitle = {{AAAI}},
  pages     = {7474--7482},
  publisher = {{AAAI} Press},
  year      = {2021}
}

@article{DBLP:journals/tog/0004ZYYZNDC017,
  author    = {Kai Xu and
               Lintao Zheng and
               Zihao Yan and
               Guohang Yan and
               Eugene Zhang and
               Matthias Nie{\ss}ner and
               Oliver Deussen and
               Daniel Cohen{-}Or and
               Hui Huang},
  title     = {Autonomous reconstruction of unknown indoor scenes guided by time-varying
               tensor fields},
  journal   = {{ACM} Trans. Graph.},
  volume    = {36},
  number    = {6},
  pages     = {202:1--202:15},
  year      = {2017}
}
% sat metric survey
@article{10.1145/3491210,
author = {Alyahya, Tasniem Nasser and Menai, Mohamed El Bachir and Mathkour, Hassan},
title = {On the Structure of the Boolean Satisfiability Problem: A Survey},
year = {2022},
issue_date = {April 2023},
publisher = {Association for Computing Machinery},
address = {New York, NY, USA},
volume = {55},
number = {3},
issn = {0360-0300},
doi = {10.1145/3491210},
journal = {ACM Comput. Surv.},
month = {mar},
articleno = {46},
numpages = {34}
}


@inproceedings{DBLP:conf/iclr/SelsamLBLMD19,
  author    = {Daniel Selsam and
               Matthew Lamm and
               Benedikt B{\"{u}}nz and
               Percy Liang and
               Leonardo de Moura and
               David L. Dill},
  title     = {Learning a {SAT} Solver from Single-Bit Supervision},
  booktitle = {{ICLR} (Poster)},
  publisher = {OpenReview.net},
  year      = {2019}
}

@inproceedings{DBLP:conf/icml/WangDWK19,
  author    = {Po{-}Wei Wang and
               Priya L. Donti and
               Bryan Wilder and
               J. Zico Kolter},
  title     = {SATNet: Bridging deep learning and logical reasoning using a differentiable
               satisfiability solver},
  booktitle = {{ICML}},
  volume    = {97},
  pages     = {6545--6554},
  publisher = {{PMLR}},
  year      = {2019}
}

@inproceedings{DBLP:conf/iclr/DontiRK21,
  author    = {Priya L. Donti and
               David Rolnick and
               J. Zico Kolter},
  title     = {{DC3:} {A} learning method for optimization with hard constraints},
  booktitle = {{ICLR}},
  year      = {2021}
}


@inproceedings{DBLP:conf/sat/AchlioptasHT18,
  author    = {Dimitris Achlioptas and
               Zayd S. Hammoudeh and
               Panos Theodoropoulos},
  title     = {Fast Sampling of Perfectly Uniform Satisfying Assignments},
  booktitle = {{SAT}},
  pages     = {135--147},
  year      = {2018}
}

@inproceedings{DBLP:conf/cav/SoosGM20,
  author    = {Mate Soos and
               Stephan Gocht and
               Kuldeep S. Meel},
  title     = {Tinted, Detached, and Lazy {CNF-XOR} Solving and Its Applications
               to Counting and Sampling},
  booktitle = {{CAV} {(1)}},
  series    = {Lecture Notes in Computer Science},
  volume    = {12224},
  pages     = {463--484},
  publisher = {Springer},
  year      = {2020}
}

@inproceedings{DBLP:conf/uai/DingX21,
  author    = {Fan Ding and
               Yexiang Xue},
  title     = {{XOR-SGD:} provable convex stochastic optimization for decision-making
               under uncertainty},
  booktitle = {{UAI}},
  series    = {Proceedings of Machine Learning Research},
  volume    = {161},
  pages     = {151--160},
  publisher = {{AUAI} Press},
  year      = {2021}
}
@article{arvind2022cnf,
  title={Cnf satisfiability in a subspace and related problems},
  author={Arvind, Vikraman and Guruswami, Venkatesan},
  journal={Algorithmica},
  pages={1--24},
  year={2022}
}

@incollection{gomes2021model,
  title={Model counting},
  author={Gomes, Carla P and Sabharwal, Ashish and Selman, Bart},
  booktitle={Handbook of satisfiability},
  pages={993--1014},
  year={2021}
}

% neuro sat
@inproceedings{DBLP:conf/iclr/AmizadehMW19,
  author    = {Saeed Amizadeh and
               Sergiy Matusevych and
               Markus Weimer},
  title     = {Learning To Solve Circuit-SAT: An Unsupervised Differentiable Approach},
  booktitle = {{ICLR} (Poster)},
  year      = {2019}
}
@inproceedings{DBLP:conf/ijcai/CappartCK00V21,
  author    = {Quentin Cappart and
               Didier Ch{\'{e}}telat and
               Elias B. Khalil and
               Andrea Lodi and
               Christopher Morris and
               Petar Velickovic},
  title     = {Combinatorial Optimization and Reasoning with Graph Neural Networks},
  booktitle = {{IJCAI}},
  pages     = {4348--4355},
  year      = {2021}
}
@article{DBLP:journals/corr/abs-2205-13745,
  author    = {Min Li and
               Zhengyuan Shi and
               Qiuxia Lai and
               Sadaf Khan and
               Qiang Xu},
  title     = {DeepSAT: An EDA-Driven Learning Framework for {SAT}},
  journal   = {CoRR},
  volume    = {abs/2205.13745},
  year      = {2022}
}
@inproceedings{DBLP:conf/nips/YolcuP19,
  author    = {Emre Yolcu and
               Barnab{\'{a}}s P{\'{o}}czos},
  title     = {Learning Local Search Heuristics for Boolean Satisfiability},
  booktitle = {NeurIPS},
  pages     = {7990--8001},
  year      = {2019}
}

@inproceedings{DBLP:conf/stoc/Cook71,
  author    = {Stephen A. Cook},
  title     = {The Complexity of Theorem-Proving Procedures},
  booktitle = {{STOC}},
  pages     = {151--158},
  publisher = {{ACM}},
  year      = {1971}
}

@incollection{DBLP:reference/fai/GomesKSS08,
  author    = {Carla P. Gomes and
               Henry A. Kautz and
               Ashish Sabharwal and
               Bart Selman},
  title     = {Satisfiability Solvers},
  booktitle = {Handbook of Knowledge Representation},
  volume    = {3},
  pages     = {89--134},
  publisher = {Elsevier},
  year      = {2008}
}


@article{takahashi2009communication,
  title={Communication timing control and topology reconfiguration of a sink-free meshed sensor network with mobile robots},
  author={Takahashi, Junji and Yamaguchi, Takuya and Sekiyama, Kosuke and Fukuda, Toshio},
  journal={IEEE/ASME transactions on mechatronics},
  volume={14},
  number={2},
  pages={187--197},
  year={2009},
  publisher={IEEE}
}
@article{DBLP:journals/jgaa/BorradaileIMOWZ17,
  author    = {Glencora Borradaile and
               Jennifer Iglesias and
               Theresa Migler and
               Antonio Ochoa and
               Gordon T. Wilfong and
               Lisa Zhang},
  title     = {Egalitarian Graph Orientations},
  journal   = {J. Graph Algorithms Appl.},
  volume    = {21},
  number    = {4},
  pages     = {687--708},
  year      = {2017}
}

% baseline of sink-free
@article{DBLP:journals/combinatorics/CohnPP02,
  author    = {Henry Cohn and
               Robin Pemantle and
               James Gary Propp},
  title     = {Generating a Random Sink-free Orientation in Quadratic Time},
  journal   = {Electron. J. Comb.},
  volume    = {9},
  number    = {1},
  year      = {2002}
}
@inproceedings{DBLP:conf/stoc/Huber98,
  author    = {Mark Huber},
  title     = {Exact Sampling and Approximate Counting Techniques},
  booktitle = {{STOC}},
  pages     = {31--40},
  publisher = {{ACM}},
  year      = {1998}
}
@inproceedings{DBLP:conf/soda/BubleyD97,
  author    = {Russ Bubley and
               Martin E. Dyer},
  title     = {Graph Orientations with No Sink and an Approximation for a Hard Case
               of {\#}SAT},
  booktitle = {{SODA}},
  pages     = {248--257},
  publisher = {{ACM/SIAM}},
  year      = {1997}
}

@inproceedings{golia2020manthan,
  title={Manthan: A data-driven approach for Boolean function synthesis},
  author={Golia, Priyanka and Roy, Subhajit and Meel, Kuldeep S},
  booktitle={International Conference on Computer Aided Verification},
  pages={611--633},
  year={2020}
}

@article{DBLP:journals/ese/HeradioFGBB22,
  author    = {Ruben Heradio and
               David Fern{\'{a}}ndez{-}Amor{\'{o}}s and
               Jos{\'{e}} A. Galindo and
               David Benavides and
               Don S. Batory},
  title     = {Uniform and scalable sampling of highly configurable systems},
  journal   = {Empir. Softw. Eng.},
  volume    = {27},
  number    = {2},
  pages     = {44},
  year      = {2022}
}
@techreport{oh2020scalable,
  title={Scalable Uniform Sampling for Real-World Software Product Lines},
  author={Oh, Jeho and Gazzillo, Paul and Batory, Don and Heule, Marijn and Myers, Margaret},
  year={2020}
}

@inproceedings{DBLP:conf/icse/DutraLBS18,
  author    = {Rafael Dutra and
               Kevin Laeufer and
               Jonathan Bachrach and
               Koushik Sen},
  title     = {Efficient sampling of {SAT} solutions for testing},
  booktitle = {{ICSE}},
  pages     = {549--559},
  publisher = {{ACM}},
  year      = {2018}
}

@inproceedings{DBLP:conf/fmcad/GoliaSCM21,
  author    = {Priyanka Golia and
               Mate Soos and
               Sourav Chakraborty and
               Kuldeep S. Meel},
  title     = {Designing Samplers is Easy: The Boon of Testers},
  booktitle = {{FMCAD}},
  pages     = {222--230},
  publisher = {{IEEE}},
  year      = {2021}
}

@inproceedings{DBLP:conf/lpar/SharmaGRM18,
  author    = {Shubham Sharma and
               Rahul Gupta and
               Subhajit Roy and
               Kuldeep S. Meel},
  title     = {Knowledge Compilation meets Uniform Sampling},
  booktitle = {{LPAR}},
  series    = {EPiC Series in Computing},
  volume    = {57},
  pages     = {620--636},
  year      = {2018}
}

@inproceedings{DBLP:conf/uai/ErmonGS12,
  author    = {Stefano Ermon and
               Carla P. Gomes and
               Bart Selman},
  title     = {Uniform Solution Sampling Using a Constraint Solver As an Oracle},
  booktitle = {{UAI}},
  pages     = {255--264},
  year      = {2012}
}

@inproceedings{DBLP:conf/sat/PrevotSM21,
  author    = {Nicolas Prevot and
               Mate Soos and
               Kuldeep S. Meel},
  title     = {Leveraging GPUs for Effective Clause Sharing in Parallel {SAT} Solving},
  booktitle = {{SAT}},
  pages     = {471--487},
  year      = {2021}
}

@phdthesis{mahmoud2022gpu,
title = "GPU Enabled Automated Reasoning",
author = "Mahmoud, {Muhammad Osama}",
year = "2022",
month = mar,
day = "10",
publisher = "Eindhoven University of Technology",
school = "Mathematics and Computer Science",
}
@inproceedings{DBLP:conf/cp/FichteHZ19,
  author    = {Johannes Klaus Fichte and
               Markus Hecher and
               Markus Zisser},
  title     = {An Improved GPU-Based {SAT} Model Counter},
  booktitle = {{CP}},
  pages     = {491--509},
  year      = {2019}
}

@inproceedings{DBLP:conf/tacas/GuptaSRM19,
  author    = {Rahul Gupta and
               Shubham Sharma and
               Subhajit Roy and
               Kuldeep S. Meel},
  title     = {{WAPS:} Weighted and Projected Sampling},
  booktitle = {{TACAS}},
  volume    = {11427},
  pages     = {59--76},
  year      = {2019}
}


@inproceedings{DBLP:conf/nips/MeelP020,
  author    = {Kuldeep S. Meel and
               Yash Pote and
               Sourav Chakraborty},
  title     = {On Testing of Samplers},
  booktitle = {NeurIPS},
  year      = {2020}
}

@inproceedings{DBLP:conf/aaai/ChakrabortyM19,
  author    = {Sourav Chakraborty and
               Kuldeep S. Meel},
  title     = {On Testing of Uniform Samplers},
  booktitle = {{AAAI}},
  pages     = {7777--7784},
  year      = {2019}
}

@inproceedings{DBLP:conf/aaai/ChakrabortyFMSV14,
  author    = {Supratik Chakraborty and
               Daniel J. Fremont and
               Kuldeep S. Meel and
               Sanjit A. Seshia and
               Moshe Y. Vardi},
  title     = {Distribution-Aware Sampling and Weighted Model Counting for {SAT}},
  booktitle = {{AAAI}},
  pages     = {1722--1730},
  publisher = {{AAAI} Press},
  year      = {2014}
}
@article{cochran1952chi2,
  title={The $\chi$2 test of goodness of fit},
  author={Cochran, William G},
  journal={The Annals of mathematical statistics},
  pages={315--345},
  year={1952},
  publisher={JSTOR}
}


@inproceedings{DBLP:conf/sat/IgnatievMM18,
  author    = {Alexey Ignatiev and
               Ant{\'{o}}nio Morgado and
               Jo{\~{a}}o Marques{-}Silva},
  title     = {PySAT: {A} Python Toolkit for Prototyping with {SAT} Oracles},
  booktitle = {{SAT}},
  series    = {Lecture Notes in Computer Science},
  volume    = {10929},
  pages     = {428--437},
  publisher = {Springer},
  year      = {2018}
}

@article{DBLP:journals/jair/0002PB11,
  author    = {Wei Li and
               Pascal Poupart and
               Peter van Beek},
  title     = {Exploiting Structure in Weighted Model Counting Approaches to Probabilistic
               Inference},
  journal   = {J. Artif. Intell. Res.},
  volume    = {40},
  pages     = {729--765},
  year      = {2011}
}




@inproceedings{DBLP:conf/nips/DeacVMBTN21,
  author    = {Andreea Deac and
               Petar Velickovic and
               Ognjen Milinkovic and
               Pierre{-}Luc Bacon and
               Jian Tang and
               Mladen Nikolic},
  title     = {Neural Algorithmic Reasoners are Implicit Planners},
  booktitle = {NeurIPS},
  pages     = {15529--15542},
  year      = {2021}
}


@inproceedings{DBLP:conf/aaai/MandiDSG20,
  author    = {Jayanta Mandi and
               Emir Demirovic and
               Peter J. Stuckey and
               Tias Guns},
  title     = {Smart Predict-and-Optimize for Hard Combinatorial Optimization Problems},
  booktitle = {{AAAI}},
  pages     = {1603--1610},
  publisher = {{AAAI} Press},
  year      = {2020}
}


% MCMC for prob. inference
@book{neal1993probabilistic,
  title={Probabilistic inference using Markov chain Monte Carlo methods},
  author={Neal, Radford M},
  year={1993},
  publisher={Department of Computer Science, University of Toronto Toronto, ON, Canada}
}

@article{DBLP:journals/pami/DagumC93,
  author    = {Paul Dagum and
               R. Martin Chavez},
  title     = {Approximating Probabilistic Inference in Bayesian Belief Networks},
  journal   = {{IEEE} Trans. Pattern Anal. Mach. Intell.},
  volume    = {15},
  number    = {3},
  pages     = {246--255},
  year      = {1993}
}



@inproceedings{DBLP:conf/aistats/GeXG18,
  author    = {Hong Ge and
               Kai Xu and
               Zoubin Ghahramani},
  title     = {Turing: A Language for Flexible Probabilistic Inference},
  booktitle = {{AISTATS}},
  volume    = {84},
  pages     = {1682--1690},
  year      = {2018}
}

@article{DBLP:journals/ai/GogateD11,
  author    = {Vibhav Gogate and
               Rina Dechter},
  title     = {SampleSearch: Importance sampling in presence of determinism},
  journal   = {Artif. Intell.},
  volume    = {175},
  number    = {2},
  pages     = {694--729},
  year      = {2011}
}


@inproceedings{DBLP:conf/icml/ErmonGSS13,
  author    = {Stefano Ermon and
               Carla P. Gomes and
               Ashish Sabharwal and
               Bart Selman},
  title     = {Taming the Curse of Dimensionality: Discrete Integration by Hashing
               and Optimization},
  booktitle = {{ICML} {(2)}},
  series    = {{JMLR} Workshop and Conference Proceedings},
  volume    = {28},
  pages     = {334--342},
  publisher = {JMLR.org},
  year      = {2013}
}

@article{DBLP:journals/ijait/AudemardS18,
  author    = {Gilles Audemard and
               Laurent Simon},
  title     = {On the Glucose {SAT} Solver},
  journal   = {Int. J. Artif. Intell. Tools},
  volume    = {27},
  number    = {1},
  pages     = {1--25},
  year      = {2018}
}

@article{carter1994gibbs,
  title={On Gibbs sampling for state space models},
  author={Carter, Chris K and Kohn, Robert},
  journal={Biometrika},
  volume={81},
  number={3},
  pages={541--553},
  year={1994}
}

@inproceedings{DBLP:conf/nips/GomesSS06,
  author    = {Carla P. Gomes and
               Ashish Sabharwal and
               Bart Selman},
  title     = {Near-Uniform Sampling of Combinatorial Spaces Using {XOR} Constraints},
  booktitle = {{NIPS}},
  pages     = {481--488},
  publisher = {{MIT} Press},
  year      = {2006}
}

@InProceedings{SciPyProceedings_11,
  author =       {Aric A. Hagberg and Daniel A. Schult and Pieter J. Swart},
  title =        {Exploring Network Structure, Dynamics, and Function using NetworkX},
  booktitle =   {Proceedings of the 7th Python in Science Conference},
  pages =     {11--15},
  year =      {2008},
}


@inproceedings{DBLP:conf/sat/AchlioptasT17,
  author    = {Dimitris Achlioptas and
               Panos Theodoropoulos},
  title     = {Probabilistic Model Counting with Short XORs},
  booktitle = {{SAT}},
  series    = {Lecture Notes in Computer Science},
  volume    = {10491},
  pages     = {3--19},
  publisher = {Springer},
  year      = {2017}
}
% 
@inproceedings{DBLP:conf/nips/SongE19,
  author    = {Yang Song and
               Stefano Ermon},
  title     = {Generative Modeling by Estimating Gradients of the Data Distribution},
  booktitle = {NeurIPS},
  pages     = {11895--11907},
  year      = {2019}
}

@inproceedings{DBLP:conf/cav/ChakrabortyMV13,
  author    = {Supratik Chakraborty and
               Kuldeep S. Meel and
               Moshe Y. Vardi},
  title     = {A Scalable and Nearly Uniform Generator of {SAT} Witnesses},
  booktitle = {{CAV}},
  volume    = {8044},
  pages     = {608--623},
  publisher = {Springer},
  year      = {2013}
}

@inproceedings{DBLP:conf/pgm/DingX20,
  author    = {Fan Ding and
               Yexiang Xue},
  title     = {Contrastive Divergence Learning with Chained Belief Propagation},
  booktitle = {{PGM}},
  volume    = {138},
  pages     = {161--172},
  publisher = {{PMLR}},
  year      = {2020}
}

@inproceedings{DBLP:conf/icml/GermainGML15,
  author    = {Mathieu Germain and
               Karol Gregor and
               Iain Murray and
               Hugo Larochelle},
  title     = {{MADE:} Masked Autoencoder for Distribution Estimation},
  booktitle = {{ICML}},
  volume    = {37},
  pages     = {881--889},
  publisher = {JMLR.org},
  year      = {2015}
}


@misc{nanyiye2022,
  title={Learning Markov Random Fields for Combinatorial Structures with Sampling through Lov\'asz Local Lemma},
  author={Jiang, Nan and Gu, Yi and Xue, Yexiang},
  eprint="2212.00296",
  year={2022},
  archivePrefix="arXiv",
}