@article{nb,
    author = "Boris N. Oreshkin, and Dmitri Carpov and  Nicolas Chapados and Yoshua Bengio",
    title = "{N-BEATS}: Neural basis expansion analysis for interpretable time series forecasting",
    journal = "ICLR",

    year = "2020",
   
}


@article{drf,
    author = "Harry Rubin-Falcone and Ian Fox and Jenna Wiens",
    title = "Deep Residual Time-Series Forecasting: Application to Blood Glucose Prediction",
    journal = "International Workshop on Knowledge Discovery in Healthcare Data-KHD@IJCA",

    year = "2020",
   
}



@article{wild,
    author = "Andrew C. Miller and Nicholas J. Foti and Emily Fox",
    title = "Learning Insulin-Glucose Dynamics in the Wild",
    journal = "Machine Learning for Healthcare",
    pages ="1-25",
    volume="126",
    year = "2020",
   
}


@article{multiv1,
    author = "Kanad Chakraborty and Kishan Mehortra and Chilukuri Mohan  and Sanjay Ranka",
    title = "Forecasting the behavior of multivariate time series using neural networks",
    journal = "Neural Networks",
    pages ="961-970",
    volume="5",
    issue="6",
    year = "1992",
   
}


@article{missing,
    author = "Irfan Pratama and Adhistya Erna Permanasari and Igi Ardiyanto and Rini Indrayani",
    title = "A review of missing values handling methods on time-series data",
    journal = "International Conference on Information Technology Systems and Innovation (ICITSI)",
    year="2016",
   
}


@article{glureview,
    author = "Silvia Oviedo, Josep Veh√≠, Remei Calm, Joaquim Armengol",
    title = "A review of personalized blood glucose prediction strategies for T1DM patients",
    journal = "Int J Numer Method Biomed Eng",
    year="2016",
   
}

@incollection{bbook,
  author      = "Chris Chatfield",
  booktitle   = "Time-Series Forecasting",
  publisher   = "Chapman and Hall/CRC",
  year        = 2000,
}


@incollection{book,
  author      = "Peter J. Rockwell and Richard A. Davis",
  title       = "Multivariate Time Series",
  editor      = "Peter J. Rockwell and Richard A. Davis",
  booktitle   = "Introduction to Time Series and Forecasting",
  publisher   = "Springer Texts",
  year        = 2016,
  pages       = "227-257",
}

@article{klein,
    author = "Hadia Hameed and Samantha Klienberg",
    title = "Investigating potentials and pitfalls of knowledge
distillation across datasets for blood glucose forecasting",
    journal = "International Workshop on Knowledge Discovery in Healthcare Data",

    year = "2020",
   
}


@article{marshall,
    author = "Richard McShinsky and Brandon Marsha",
    title = "Comparison of Forecasting Algorithms for Type 1
Diabetic Glucose Prediction on 30 and 60-Minute
Prediction Horizons",
    journal = "International Workshop on Knowledge Discovery in Healthcare Data",

    year = "2020",
   
}


@article{kn:adam,
  title="Adam: A Method for Stochastic Optimization. ",
  author="Diederik P. Kingma and Jimmy Ba",
  year = "2014",
  journal = "International Conference for Learning Representations",
}



@article{kn:pt,
  title="Automatic differentiation in {PyTorch}. ",
  author="Paszke, A. and Gross, S. and Chintala, S. and Chanan, G. and Yang, E. and DeVito, Z. and  Lin, Z. and Desmaison, A. and Antiga, L. and Lerer, A.",
  year = "2017",
  journal = "NeurIPS",
}


@article{kn:oc2,
    author = "Ciny Marling, and Razvan C. Bunescu",
    title = "The {OhioT1DM} Dataset for Blood Glucose
Level Prediction: Update 2020.",
   

    year = "2020",
    journal="International Workshop on Knowledge Discovery in Healthcare Data-KHD@IJCA",
   
}

@article{kn:oc,
    author = "Cindy Marling, and Razvan C. Bunescu",
    title = "The {OhioT1DM} Dataset for Blood Glucose
Level Prediction",
   

    year = "2018",
     journal="International Workshop on Knowledge Discovery in Healthcare Data-KHD@IJCA",
   
}

@article{simgit,
author ="Jinyu Xie",

title="Simglucose v0.2.1 [Online]. Avaible: https://github.com/jxx123/simglucose.",
year="2018",
journal="Accessed on: Jan-20-2020",
}

@article{tidepool,
  title="A case study in open source innovation: developing the Tidepool Platform for interoperability in type 1 diabetes management",
  author="Aaron Neinstein and Jenise Wong and Howard Look and Brandon Arbiter, and Kent Quirk and  Steve McCanne and Yao Sun and Michael Blum and Saleh Adi",
  year = "2016",
  journal = "Journal of the American Medical Informatics Association",
  volume = "23",
    Issue="2",
}


@article{uva,
  title="The UVA/PADOVA Type 1 Diabetes Simulator",
  author="Chiara Dalla Man and Francesco Micheletto and Dayu Lv and Marc Breton Boris Kovatchev and Claudio Cobelli",
  year = "2014",
  journal = "J Diabetes Sci Technol.",
  volume = "8",
    Issue="1",
}

@article{attention1,
  title="A Dual-Stage Attention-Based Recurrent Neural Network for Time Series Prediction",
  author="Yao Qin and Dongjin Song and Haifeng Cheng and Wei Cheng and Guofei Jiang and Garrison W. Cottrell",
  year = "2017",
  journal = "Joint Conference on Artificial Intelligence (IJCAI)",

}



@article{residgen1,
  title="Residual LSTM: Design of a Deep Recurrent Architecture for Distant Speech Recognition",
  author="Jaeyoung Kim and Mostafa El-Khamy and Jungwon Lee",
  year = "2017",
  journal = "Interspeech",

}



@article{residgen2,
  title="Deep Residual Learning for Image Recognition",
  author="Kaiming He and Xiangyu Zhang and  Shaoqing Ren and Jian Sun",
  year = "2015",
  journal = "IEEE Conference on Computer Vision and Pattern Recognition (CVPR)",

}


@article{prob1,
  title="Multi-variate Probabilistic Time Series Forecasting via Conditioned Normalizing Flows",
  author="Kashif Rasul and Abdul-Saboor Sheikh and Ingmar Schuster and Urs Bergmann and Roland Vollgraf and",
  year = "2020",
  journal = "International Conference on Learning Representations (ICLR)",

}


@article{sharedmulti,
  title="Tensorized LSTM with Adaptive Shared Memory for Learning Trends in Multivariate Time Series",
  author="Dongkuan Xu and Wei Cheng and Bo Zong and Dongjing Song and Jingchao Ni and Wenchao Yu and Yanchi Liu and Haifeng Chen and  Xiang Zhang1",
  year = "2020",
  journal = "AAAI Conference on Artificial Intelligence",

}


@article{cnn1,
  title="Neural Physiological Model: A Simple Module for Blood Glucose Prediction",
  author="Kang Gu and Ruoqi Dang and Temiloluwa Prioleau",
  year = "2020",
  journal = "Annual International Conference of the IEEE Engineering in Medicine and Biology Society (EMBC) ",

}


@article{nbeatsclone,
  title="A Statistical Decomposition Based Neural Network For Multivariate Time Series Forecasting",
  author="Kenneth C. Lichtendahl and Haoyun Wu and Weijie Shen and Chi Po Choi and Chris Fry",
  year = "2020",
  journal = "Rechnical Disclosure Commons",

}


@article{prob2,
  title="Normalizing Kalman Filters
for Multivariate Time Series Analysis",
  author="Emmanuel de Bezenca an, Syama Sundar Rangapuram and Konstantinos Benidis and Michael Bohlke-Schneider and Richard Kurle and Lorenzo Stella Hilaf Hasson and Patrick Gallinari and Tim Januschowski",
  year = "2020",
  journal = "Conference on Neural Information Processing Systems (NeurIPS)",

}


@article{graphresid,
  title="Spectral Temporal Graph Neural Network for Multivariate Time-series Forecasting",
  author="Defu Cao and Yujing Wang1 and Juanyong Duan and Ce Zhang and Xia Zhu and Conguri Huang and Yunhai Tong and Bixiong Xu and Jing Bai and Jie Tong and Qi Zhang",
  year = "2020",
  journal = "Conference on Neural Information Processing Systems (NeurIPS)",

}


@article{cnn2,
  title="A Deep Learning Approach for Blood Glucose Prediction of Type 1 Diabetes",
  author="Jonas Freiburghaus and A{\"i}cha Rizzotti-Kaddouri and Fabrizio Albertetti",
  year = "2020",
  journal = "International Workshop on Knowledge Discovery in Healthcare Data-KHD@IJCA",

}


@article{gluexps,
  title="Deep Physiological Model for Blood Glucose Prediction in T1DM Patients",
  author="Mario Munoz-Organero",
  year = "2020",
  journal = "Sensors",

}


@article{cnnandatten,
  title="Interpretable Multivariate Time Series Forecasting with Temporal Attention Convolutional Neural Networks",
  author="Leonardos Pantiskas and Kees Verstoep and Henri Bal",
  year = "2020",
  journal = "IEEE Symposium Series on Computational Intelligence",

}


@article{residfore,
  title="Residual Recurrent Highway Networks for Learning Deep Sequence Prediction Models",
  author="Tehseen Zia and Saad Razzaq",
  year = "2020",
  journal = "J Grid Computing ",

}

@article{wesad,
  title="Introducing WESAD, a Multimodal Dataset for Wearable Stress and Affect Detection",
  author="Philip Schmidt and Attila Reiss and Robert Duerichen and Kristof Van Laerhoven",
  year = "2018",
  journal = "ACM International Conference on Multimodal Interaction",

}

@article{mimiciii,
  title={MIMIC-III, a freely accessible critical care database},
  author={Johnson, Alistair EW and Pollard, Tom J and Shen, Lu and Lehman, Li{-}wei H and Feng, Mengling and Ghassemi, Mohammad and Moody, Benjamin and Szolovits, Peter and Celi, Leo Anthony and Mark, Roger G},
  journal={Scientific data},
  volume={3},
  pages={160035},
  year={2016},
  publisher={Nature Publishing Group}
}

@article{class1,
  title={Classification-driven temporal discretization of multivariate time series},
  author={Robert Moskovitch and Yuval Shahar},
  journal={Data Mining and Knowledge Discovery},
  volume={29},
  year={2015},
}

@article{meal,
  title={A biometric study of basal metabolism in
man},
  author={James Arthur Harris and Francis Gano Benedict},
  journal={Carnegie institution of Washington},
  year={1919},
}

@article{iankdd,
  title={Deep Multi-Output Forecasting},
  author={Ian Fox and Lynn Ang and Mamta Jaiswal and Rodica Pop-Busui and Jenna Wiens},
  journal={KDD},
  year={2018},
}

@article{deepblood,
  title={Deep Reinforcement Learning for
Closed-Loop Blood Glucose Control},
  author={Ian Fox and Joyce Lee and Rodia Pop-Busui and Jenna Wiens},
  journal={Proceedings of Machine Learning Research},
  year={2020},
}

@article{models,
  title={Mathematical modeling of the glucose‚Äìinsulin system: A review},
  author={Pasquale Palumbo and Susanne Ditlevsen and Alessandro Bertuzzi and Andrea De Gaetano},
  journal={Mathematical Biosciences},
  volume={244},
  issue={2},
  year={2013},
}

@article{shap,
  title={Analysis of regression in game theory approach},
  author={Stan Lipovetsky and Michael Conklin},
  journal={Applied Stochastic Models in Business and Industry},
  volume={17},
  issue={4},
  year={2001},
}

@article{domain,
  title={Forecasting Container Throughputs With Domain Knowledge},
  author={Anqiang Huanga and Han Qiaob and Shouyang Wang},
  journal={Procedia Computer Science},
  volume={31},
  year={2014},
}