@String(PAMI = {IEEE Trans. Pattern Anal. Mach. Intell.})
@String(IJCV = {Int. J. Comput. Vis.})
@String(CVPR= {IEEE Conf. Comput. Vis. Pattern Recog.})
@String(ICCV= {Int. Conf. Comput. Vis.})
@String(ECCV= {Eur. Conf. Comput. Vis.})
@String(NIPS= {Adv. Neural Inform. Process. Syst.})
@String(ICPR = {Int. Conf. Pattern Recog.})
@String(BMVC= {Brit. Mach. Vis. Conf.})
@String(TOG= {ACM Trans. Graph.})
@String(TIP  = {IEEE Trans. Image Process.})
@String(TVCG  = {IEEE Trans. Vis. Comput. Graph.})
@String(TMM  = {IEEE Trans. Multimedia})
@String(ACMMM= {ACM Int. Conf. Multimedia})
@String(ICME = {Int. Conf. Multimedia and Expo})
@String(ICASSP=	{ICASSP})
@String(ICIP = {IEEE Int. Conf. Image Process.})
@String(ACCV  = {ACCV})
@String(ICLR = {Int. Conf. Learn. Represent.})
@String(IJCAI = {IJCAI})
@String(PR   = {Pattern Recognition})
@String(AAAI = {AAAI})
@String(ICML = {ICML})
@String(CVPRW= {IEEE Conf. Comput. Vis. Pattern Recog. Worksh.})
@String(CSVT = {IEEE Trans. Circuit Syst. Video Technol.})

@String(SPL	= {IEEE Sign. Process. Letters})
@String(VR   = {Vis. Res.})
@String(JOV	 = {J. Vis.})
@String(TVC  = {The Vis. Comput.})
@String(JCST  = {J. Comput. Sci. Tech.})
@String(CGF  = {Comput. Graph. Forum})
@String(CVM = {Computational Visual Media})


@String(PAMI  = {IEEE TPAMI})
@String(IJCV  = {IJCV})
@String(CVPR  = {CVPR})
@String(ICCV  = {ICCV})
@String(ECCV  = {ECCV})
@String(NIPS  = {NeurIPS})
@String(ICPR  = {ICPR})
@String(BMVC  =	{BMVC})
@String(TOG   = {ACM TOG})
@String(TIP   = {IEEE TIP})
@String(TVCG  = {IEEE TVCG})
@String(TCSVT = {IEEE TCSVT})
@String(TMM   =	{IEEE TMM})
@String(ACMMM = {ACM MM})
@String(ICME  =	{ICME})
@String(ICASSP=	{ICASSP})
@String(ICIP  = {ICIP})
@String(ACCV  = {ACCV})
@String(ICLR  = {ICLR})
@String(IJCAI = {IJCAI})
@String(PR = {PR})
@String(AAAI = {AAAI})
@String(CVPRW= {CVPRW})
@String(CSVT = {IEEE TCSVT})
@String(WACV = {WACV})
@String(ACL = {ACL})
@String(EMNLP = {EMNLP})
@String(MM = {ACM MM})

@article{DBLP:journals/corr/abs-2208-10159,
  author    = {Lingbo Liu and
               Bruce X. B. Yu and
               Jianlong Chang and
               Qi Tian and
               Chang Wen Chen},
  title     = {Prompt-Matched Semantic Segmentation},
  journal   = {CoRR},
  volume    = {abs/2208.10159},
  year      = {2022}
}

@article{DBLP:journals/corr/abs-2207-14381,
  author    = {Xing Nie and
               Bolin Ni and
               Jianlong Chang and
               Gaomeng Meng and
               Chunlei Huo and
               Zhaoxiang Zhang and
               Shiming Xiang and
               Qi Tian and
               Chunhong Pan},
  title     = {Pro-tuning: Unified Prompt Tuning for Vision Tasks},
  journal   = {CoRR},
  volume    = {abs/2207.14381},
  year      = {2022}
}
@inproceedings{DBLP:conf/icmcs/WangWZLL19,
  author    = {Zhihui Wang and
               Shijie Wang and
               Pengbo Zhang and
               Haojie Li and
               Bo Liu},
  title     = {Accurate And Fast Fine-Grained Image Classification via Discriminative
               Learning},
  booktitle = {ICME 2019,
               Shanghai, China, July 8-12, 2019},
  pages     = {634--639},
  publisher = {{IEEE}},
  year      = {2019},
  url       = {https://doi.org/10.1109/ICME.2019.00115},
  doi       = {10.1109/ICME.2019.00115},

}

@article{DBLP:journals/corr/abs-2210-00788,
  author    = {Bruce X. B. Yu and
               Jianlong Chang and
               Lingbo Liu and
               Qi Tian and
               Chang Wen Chen},
  title     = {Towards a Unified View on Visual Parameter-Efficient Transfer Learning},
  journal   = {CoRR},
  volume    = {abs/2210.00788},
  year      = {2022}
}

@article{DBLP:journals/corr/abs-2210-15929,
  author    = {Junfan Lin and
               Jianlong Chang and
               Lingbo Liu and
               Guanbin Li and
               Liang Lin and
               Qi Tian and
               Chang Wen Chen},
  title     = {OhMG: Zero-shot Open-vocabulary Human Motion Generation},
  journal   = {CoRR},
  volume    = {abs/2210.15929},
  year      = {2022},
  eprint    = {2210.15929},
  
}

@inproceedings{DBLP:conf/mm/WangWLO20,
  author    = {Shijie Wang and
               Zhihui Wang and
               Haojie Li and
               Wanli Ouyang},
  editor    = {Chang Wen Chen and
               Rita Cucchiara and
               Xian{-}Sheng Hua and
               Guo{-}Jun Qi and
               Elisa Ricci and
               Zhengyou Zhang and
               Roger Zimmermann},
  title     = {Category-specific Semantic Coherency Learning for Fine-grained Image
               Recognition},
  booktitle = {ACM MM 2020, Virtual
               Event / Seattle, WA, USA, October 12-16, 2020},
  pages     = {174--183},
  publisher = {{ACM}},
  year      = {2020},
  url       = {https://doi.org/10.1145/3394171.3413871},
  doi       = {10.1145/3394171.3413871},
  timestamp = {Thu, 15 Oct 2020 16:32:08 +0200},
  biburl    = {https://dblp.org/rec/conf/mm/WangWLO20.bib},
  bibsource = {dblp computer science bibliography, https://dblp.org}
}
@inproceedings{DBLP:conf/aaai/WangWLO22,
  author    = {Shijie Wang and
               Zhihui Wang and
               Haojie Li and
               Wanli Ouyang},
  title     = {Category-Specific Nuance Exploration Network for Fine-Grained Object
               Retrieval},
  booktitle = {AAAI 2022, {EAAI} 2022 Virtual Event, February 22
               - March 1, 2022},
  pages     = {2513--2521},
  publisher = {{AAAI} Press},
  year      = {2022},
  url       = {https://ojs.aaai.org/index.php/AAAI/article/view/20152},
  timestamp = {Mon, 11 Jul 2022 16:09:32 +0200},
  biburl    = {https://dblp.org/rec/conf/aaai/WangWLO22.bib},
  bibsource = {dblp computer science bibliography, https://dblp.org}
}
@inproceedings{DBLP:conf/aaai/WangLWO21,
  author    = {Shijie Wang and
               Haojie Li and
               Zhihui Wang and
               Wanli Ouyang},
  title     = {Dynamic Position-aware Network for Fine-grained Image Recognition},
  booktitle = {AAAI 2021, {EAAI} 2021, Virtual Event, February 2-9,
               2021},
  pages     = {2791--2799},
  publisher = {{AAAI} Press},
  year      = {2021},
  url       = {https://ojs.aaai.org/index.php/AAAI/article/view/16384},
  timestamp = {Wed, 02 Jun 2021 18:09:11 +0200},
  biburl    = {https://dblp.org/rec/conf/aaai/WangLWO21.bib},
  bibsource = {dblp computer science bibliography, https://dblp.org}
}
@inproceedings{DBLP:conf/mm/WangWZLZL19,
  author    = {Zhihui Wang and
               Shijie Wang and
               Pengbo Zhang and
               Haojie Li and
               Wei Zhong and
               Jianjun Li},
  title     = {Weakly Supervised Fine-grained Image Classification via Correlation-guided
               Discriminative Learning},
  booktitle = {ACM MM 2019, Nice, France, October 21-25, 2019},
  pages     = {1851--1860},
  year      = {2019},
  url       = {https://doi.org/10.1145/3343031.3350976},
  doi       = {10.1145/3343031.3350976},
  timestamp = {Wed, 23 Oct 2019 12:04:43 +0200},
  biburl    = {https://dblp.org/rec/bib/conf/mm/WangWZLZL19},
  bibsource = {dblp computer science bibliography, https://dblp.org}
}
@inproceedings{DBLP:conf/aaai/WangWLDL20,
  author    = {Zhuhui Wang and
               Shijie Wang and
               Haojie Li and
               Zhi Dou and
               Jianjun Li},
  title     = {Graph-Propagation Based Correlation Learning for Weakly Supervised
               Fine-Grained Image Classification},
  booktitle = {AAAI 2020, {EAAI} 2020, New York, NY, USA,
               February 7-12, 2020},
  pages     = {12289--12296},
  publisher = {{AAAI} Press},
  year      = {2020},
  url       = {https://aaai.org/ojs/index.php/AAAI/article/view/6912},
  timestamp = {Wed, 03 Jun 2020 18:42:45 +0200},
  biburl    = {https://dblp.org/rec/conf/aaai/WangWLDL20.bib},
  bibsource = {dblp computer science bibliography, https://dblp.org}
}

@inproceedings{DBLP:conf/cvpr/WangWYLLL20,
  author    = {Zhihui Wang and
               Shijie Wang and
               Shuhui Yang and
               Haojie Li and
               Jianjun Li and
               Zezhou Li},
  title     = {Weakly Supervised Fine-Grained Image Classification via Guassian Mixture
               Model Oriented Discriminative Learning},
  booktitle = {
               {CVPR} 2020, Seattle, WA, USA, June 13-19, 2020},
  pages     = {9746--9755},
  publisher = {{IEEE}},
  year      = {2020},
  url       = {https://doi.org/10.1109/CVPR42600.2020.00977},
  doi       = {10.1109/CVPR42600.2020.00977},
  timestamp = {Tue, 11 Aug 2020 16:59:49 +0200},
  biburl    = {https://dblp.org/rec/conf/cvpr/WangWYLLL20.bib},
  bibsource = {dblp computer science bibliography, https://dblp.org}
}


@article{DBLP:journals/tog/Bala15,
  author    = {Sean Bell and
               Kavita Bala},
  title     = {Learning visual similarity for product design with convolutional neural
               networks},
  journal   = {{ACM} Trans. Graph.},
  volume    = {34},
  number    = {4},
  pages     = {98:1--98:10},
  year      = {2015},
  url       = {https://doi.org/10.1145/2766959},
  doi       = {10.1145/2766959},
  timestamp = {Tue, 06 Nov 2018 12:51:25 +0100},
  biburl    = {https://dblp.org/rec/journals/tog/Bala15.bib},
  bibsource = {dblp computer science bibliography, https://dblp.org}
}

@inproceedings{DBLP:conf/eccv/BoudiafRZGPPA20,
  author    = {Malik Boudiaf and
               J{\'{e}}r{\^{o}}me Rony and
               Imtiaz Masud Ziko and
               Eric Granger and
               Marco Pedersoli and
               Pablo Piantanida and
               Ismail Ben Ayed},
  editor    = {Andrea Vedaldi and
               Horst Bischof and
               Thomas Brox and
               Jan{-}Michael Frahm},
  title     = {A Unifying Mutual Information View of Metric Learning: Cross-Entropy
               vs. Pairwise Losses},
  booktitle = {ECCV 2020},
  series    = {Lecture Notes in Computer Science},
  volume    = {12351},
  pages     = {548--564},
  publisher = {Springer},
  year      = {2020},
  url       = {https://doi.org/10.1007/978-3-030-58539-6\_33},
  doi       = {10.1007/978-3-030-58539-6\_33},
  timestamp = {Wed, 07 Apr 2021 16:01:43 +0200},
  biburl    = {https://dblp.org/rec/conf/eccv/BoudiafRZGPPA20.bib},
  bibsource = {dblp computer science bibliography, https://dblp.org}
}

@article{Branson2014Bird,
  author    = {Steve Branson and
               Grant Van Horn and
               Serge J. Belongie and
               Pietro Perona},
  title     = {Bird Species Categorization Using Pose Normalized Deep Convolutional
               Nets},
  journal   = {CoRR},
  volume    = {abs/1406.2952},
  year      = {2014},
  url       = {http://arxiv.org/abs/1406.2952},
  eprinttype = {arXiv},
  eprint    = {1406.2952},
  timestamp = {Mon, 13 Aug 2018 16:47:13 +0200},
  biburl    = {https://dblp.org/rec/journals/corr/BransonHBP14.bib},
  bibsource = {dblp computer science bibliography, https://dblp.org}
}

@article{DBLP:journals/corr/abs-2202-06687,
  author    = {Chunjiang Ge and
               Rui Huang and
               Mixue Xie and
               Zihang Lai and
               Shiji Song and
               Shuang Li and
               Gao Huang},
  title     = {Domain Adaptation via Prompt Learning},
  journal   = {CoRR},
  volume    = {abs/2202.06687},
  year      = {2022},
  url       = {https://arxiv.org/abs/2202.06687},
  eprinttype = {arXiv},
  eprint    = {2202.06687},
  timestamp = {Mon, 25 Apr 2022 12:01:00 +0200},
  biburl    = {https://dblp.org/rec/journals/corr/abs-2202-06687.bib},
  bibsource = {dblp computer science bibliography, https://dblp.org}
}

@inproceedings{He2015Deep,
  author    = {Kaiming He and
               Xiangyu Zhang and
               Shaoqing Ren and
               Jian Sun},
  title     = {Deep Residual Learning for Image Recognition},
  booktitle = {
               {CVPR} 2016, Las Vegas, NV, USA, June 27-30, 2016},
  pages     = {770--778},
  publisher = {{IEEE} Computer Society},
  year      = {2016},
  url       = {https://doi.org/10.1109/CVPR.2016.90},
  doi       = {10.1109/CVPR.2016.90},
  timestamp = {Wed, 16 Oct 2019 14:14:50 +0200},
  biburl    = {https://dblp.org/rec/conf/cvpr/HeZRS16.bib},
  bibsource = {dblp computer science bibliography, https://dblp.org}
}

@inproceedings{DBLP:conf/cvpr/HuSS18,
  author    = {Jie Hu and
               Li Shen and
               Gang Sun},
  title     = {Squeeze-and-Excitation Networks},
  booktitle = {
               {CVPR} 2018, Salt Lake City, UT, USA, June 18-22, 2018},
  pages     = {7132--7141},
  publisher = {Computer Vision Foundation / {IEEE} Computer Society},
  year      = {2018},
  url       = {http://openaccess.thecvf.com/content\_cvpr\_2018/html/Hu\_Squeeze-and-Excitation\_Networks\_CVPR\_2018\_paper.html},
  doi       = {10.1109/CVPR.2018.00745},
  timestamp = {Tue, 31 Aug 2021 14:00:32 +0200},
  biburl    = {https://dblp.org/rec/conf/cvpr/HuSS18.bib},
  bibsource = {dblp computer science bibliography, https://dblp.org}
}

@inproceedings{DBLP:conf/cvpr/HuangZGS21,
  author    = {Chen Huang and
               Shuangfei Zhai and
               Pengsheng Guo and
               Josh M. Susskind},
  title     = {MetricOpt: Learning To Optimize Black-Box Evaluation Metrics},
  booktitle = { {CVPR}
               2021, virtual, June 19-25, 2021},
  pages     = {174--183},
  publisher = {Computer Vision Foundation / {IEEE}},
  year      = {2021},
  url       = {https://openaccess.thecvf.com/content/CVPR2021/html/Huang\_MetricOpt\_Learning\_To\_Optimize\_Black-Box\_Evaluation\_Metrics\_CVPR\_2021\_paper.html},
  doi       = {10.1109/CVPR46437.2021.00024},
  timestamp = {Mon, 18 Jul 2022 16:47:40 +0200},
  biburl    = {https://dblp.org/rec/conf/cvpr/HuangZGS21.bib},
  bibsource = {dblp computer science bibliography, https://dblp.org}
}

@inproceedings{DBLP:conf/nips/JaderbergSZK15,
  author    = {Max Jaderberg and
               Karen Simonyan and
               Andrew Zisserman and
               Koray Kavukcuoglu},
  editor    = {Corinna Cortes and
               Neil D. Lawrence and
               Daniel D. Lee and
               Masashi Sugiyama and
               Roman Garnett},
  title     = {Spatial Transformer Networks},
  booktitle = {Advances in Neural Information Processing Systems 28: Annual Conference
               on Neural Information Processing Systems 2015, December 7-12, 2015,
               Montreal, Quebec, Canada},
  pages     = {2017--2025},
  year      = {2015},
  url       = {https://proceedings.neurips.cc/paper/2015/hash/33ceb07bf4eeb3da587e268d663aba1a-Abstract.html},
  timestamp = {Mon, 16 May 2022 15:41:51 +0200},
  biburl    = {https://dblp.org/rec/conf/nips/JaderbergSZK15.bib},
  bibsource = {dblp computer science bibliography, https://dblp.org}
}

@inproceedings{DBLP:conf/icml/JiaYXCPPLSLD21,
  author    = {Chao Jia and
               Yinfei Yang and
               Ye Xia and
               Yi{-}Ting Chen and
               Zarana Parekh and
               Hieu Pham and
               Quoc V. Le and
               Yun{-}Hsuan Sung and
               Zhen Li and
               Tom Duerig},
  editor    = {Marina Meila and
               Tong Zhang},
  title     = {Scaling Up Visual and Vision-Language Representation Learning With
               Noisy Text Supervision},
  booktitle = {ICML 2021, 18-24 July 2021, Virtual Event},
  series    = {Proceedings of Machine Learning Research},
  volume    = {139},
  pages     = {4904--4916},
  publisher = {{PMLR}},
  year      = {2021},
  url       = {http://proceedings.mlr.press/v139/jia21b.html},
  timestamp = {Wed, 25 Aug 2021 17:11:17 +0200},
  biburl    = {https://dblp.org/rec/conf/icml/JiaYXCPPLSLD21.bib},
  bibsource = {dblp computer science bibliography, https://dblp.org}
}

@article{DBLP:journals/tacl/JiangXAN20,
  author    = {Zhengbao Jiang and
               Frank F. Xu and
               Jun Araki and
               Graham Neubig},
  title     = {How Can We Know What Language Models Know},
  journal   = {Trans. Assoc. Comput. Linguistics},
  volume    = {8},
  pages     = {423--438},
  year      = {2020},
  url       = {https://doi.org/10.1162/tacl\_a\_00324},
  doi       = {10.1162/tacl\_a\_00324},
  timestamp = {Fri, 10 Jun 2022 10:35:17 +0200},
  biburl    = {https://dblp.org/rec/journals/tacl/JiangXAN20.bib},
  bibsource = {dblp computer science bibliography, https://dblp.org}
}

@article{DBLP:journals/corr/abs-2112-04478,
  author    = {Chen Ju and
               Tengda Han and
               Kunhao Zheng and
               Ya Zhang and
               Weidi Xie},
  title     = {Prompting Visual-Language Models for Efficient Video Understanding},
  journal   = {CoRR},
  volume    = {abs/2112.04478},
  year      = {2021},
  url       = {https://arxiv.org/abs/2112.04478},
  eprinttype = {arXiv},
  eprint    = {2112.04478},
  timestamp = {Mon, 13 Dec 2021 17:51:48 +0100},
  biburl    = {https://dblp.org/rec/journals/corr/abs-2112-04478.bib},
  bibsource = {dblp computer science bibliography, https://dblp.org}
}

@inproceedings{DBLP:conf/iccv/KamathSLSMC21,
  author    = {Aishwarya Kamath and
               Mannat Singh and
               Yann LeCun and
               Gabriel Synnaeve and
               Ishan Misra and
               Nicolas Carion},
  title     = {{MDETR} - Modulated Detection for End-to-End Multi-Modal Understanding},
  booktitle = {2021 {IEEE/CVF} International Conference on Computer Vision, {ICCV}
               2021, Montreal, QC, Canada, October 10-17, 2021},
  pages     = {1760--1770},
  publisher = {{IEEE}},
  year      = {2021},
  url       = {https://doi.org/10.1109/ICCV48922.2021.00180},
  doi       = {10.1109/ICCV48922.2021.00180},
  timestamp = {Fri, 11 Mar 2022 10:01:59 +0100},
  biburl    = {https://dblp.org/rec/conf/iccv/KamathSLSMC21.bib},
  bibsource = {dblp computer science bibliography, https://dblp.org}
}

@inproceedings{DBLP:conf/cvpr/KimKCK21,
  author    = {Sungyeon Kim and
               Dongwon Kim and
               Minsu Cho and
               Suha Kwak},
  title     = {Embedding Transfer With Label Relaxation for Improved Metric Learning},
  booktitle = {{IEEE} Conference on Computer Vision and Pattern Recognition, {CVPR}
               2021, virtual, June 19-25, 2021},
  pages     = {3967--3976},
  publisher = {Computer Vision Foundation / {IEEE}},
  year      = {2021},
  url       = {https://openaccess.thecvf.com/content/CVPR2021/html/Kim\_Embedding\_Transfer\_With\_Label\_Relaxation\_for\_Improved\_Metric\_Learning\_CVPR\_2021\_paper.html},
  doi       = {10.1109/CVPR46437.2021.00396},
  timestamp = {Mon, 18 Jul 2022 16:47:40 +0200},
  biburl    = {https://dblp.org/rec/conf/cvpr/KimKCK21.bib},
  bibsource = {dblp computer science bibliography, https://dblp.org}
}

@inproceedings{DBLP:conf/iccv/KoGK21,
  author    = {ByungSoo Ko and
               Geonmo Gu},
  title     = {Learning with Memory-based Virtual Classes for Deep Metric Learning},
  booktitle = {2021 {IEEE/CVF} International Conference on Computer Vision, {ICCV}
               2021, Montreal, QC, Canada, October 10-17, 2021},
  pages     = {11772--11781},
  publisher = {{IEEE}},
  year      = {2021},
  url       = {https://doi.org/10.1109/ICCV48922.2021.01158},
  doi       = {10.1109/ICCV48922.2021.01158},
  timestamp = {Fri, 11 Mar 2022 10:01:59 +0100},
  biburl    = {https://dblp.org/rec/conf/iccv/KoGK21.bib},
  bibsource = {dblp computer science bibliography, https://dblp.org}
}

@inproceedings{Krause20133D,
  author    = {Jonathan Krause and
               Michael Stark and
               Jia Deng and
               Li Fei{-}Fei},
  title     = {3D Object Representations for Fine-Grained Categorization},
  booktitle = {2013 {IEEE} International Conference on Computer Vision Workshops,
               {ICCV} Workshops 2013, Sydney, Australia, December 1-8, 2013},
  pages     = {554--561},
  publisher = {{IEEE} Computer Society},
  year      = {2013},
  url       = {https://doi.org/10.1109/ICCVW.2013.77},
  doi       = {10.1109/ICCVW.2013.77},
  timestamp = {Mon, 01 Feb 2021 18:33:40 +0100},
  biburl    = {https://dblp.org/rec/conf/iccvw/Krause0DF13.bib},
  bibsource = {dblp computer science bibliography, https://dblp.org}
}

@inproceedings{DBLP:conf/emnlp/LesterAC21,
  author    = {Brian Lester and
               Rami Al{-}Rfou and
               Noah Constant},
  editor    = {Marie{-}Francine Moens and
               Xuanjing Huang and
               Lucia Specia and
               Scott Wen{-}tau Yih},
  title     = {The Power of Scale for Parameter-Efficient Prompt Tuning},
  booktitle = {EMNLP 2021, Virtual Event / Punta Cana, Dominican
               Republic, 7-11 November, 2021},
  pages     = {3045--3059},
  publisher = {Association for Computational Linguistics},
  year      = {2021},
  url       = {https://doi.org/10.18653/v1/2021.emnlp-main.243},
  doi       = {10.18653/v1/2021.emnlp-main.243},
  timestamp = {Wed, 16 Mar 2022 23:55:07 +0100},
  biburl    = {https://dblp.org/rec/conf/emnlp/LesterAC21.bib},
  bibsource = {dblp computer science bibliography, https://dblp.org}
}

@inproceedings{DBLP:conf/acl/LiL20,
  author    = {Xiang Lisa Li and
               Percy Liang},
  editor    = {Chengqing Zong and
               Fei Xia and
               Wenjie Li and
               Roberto Navigli},
  title     = {Prefix-Tuning: Optimizing Continuous Prompts for Generation},
  booktitle = {ACL/IJCNLP 2021, (Volume 1: Long Papers), Virtual
               Event, August 1-6, 2021},
  pages     = {4582--4597},
  publisher = {Association for Computational Linguistics},
  year      = {2021},
  url       = {https://doi.org/10.18653/v1/2021.acl-long.353},
  doi       = {10.18653/v1/2021.acl-long.353},
  timestamp = {Wed, 16 Mar 2022 23:55:03 +0100},
  biburl    = {https://dblp.org/rec/conf/acl/LiL20.bib},
  bibsource = {dblp computer science bibliography, https://dblp.org}
}

@article{DBLP:journals/corr/abs-2107-13586,
  author    = {Pengfei Liu and
               Weizhe Yuan and
               Jinlan Fu and
               Zhengbao Jiang and
               Hiroaki Hayashi and
               Graham Neubig},
  title     = {Pre-train, Prompt, and Predict: {A} Systematic Survey of Prompting
               Methods in Natural Language Processing},
  journal   = {CoRR},
  volume    = {abs/2107.13586},
  year      = {2021},
  url       = {https://arxiv.org/abs/2107.13586},
  eprinttype = {arXiv},
  eprint    = {2107.13586},
  timestamp = {Tue, 03 Aug 2021 14:53:34 +0200},
  biburl    = {https://dblp.org/rec/journals/corr/abs-2107-13586.bib},
  bibsource = {dblp computer science bibliography, https://dblp.org}
}

@article{DBLP:journals/corr/abs-2110-07602,
  author    = {Xiao Liu and
               Kaixuan Ji and
               Yicheng Fu and
               Zhengxiao Du and
               Zhilin Yang and
               Jie Tang},
  title     = {P-Tuning v2: Prompt Tuning Can Be Comparable to Fine-tuning Universally
               Across Scales and Tasks},
  journal   = {CoRR},
  volume    = {abs/2110.07602},
  year      = {2021},
  url       = {https://arxiv.org/abs/2110.07602},
  eprinttype = {arXiv},
  eprint    = {2110.07602},
  timestamp = {Fri, 22 Oct 2021 13:33:09 +0200},
  biburl    = {https://dblp.org/rec/journals/corr/abs-2110-07602.bib},
  bibsource = {dblp computer science bibliography, https://dblp.org}
}

@article{DBLP:journals/corr/MajiRKBV13,
  author    = {Subhransu Maji and
               Esa Rahtu and
               Juho Kannala and
               Matthew B. Blaschko and
               Andrea Vedaldi},
  title     = {Fine-Grained Visual Classification of Aircraft},
  journal   = {CoRR},
  volume    = {abs/1306.5151},
  year      = {2013},
  url       = {http://arxiv.org/abs/1306.5151},
  eprinttype = {arXiv},
  eprint    = {1306.5151},
  timestamp = {Mon, 13 Aug 2018 16:46:37 +0200},
  biburl    = {https://dblp.org/rec/journals/corr/MajiRKBV13.bib},
  bibsource = {dblp computer science bibliography, https://dblp.org}
}

@inproceedings{DBLP:conf/wacv/MoskvyakMDB21,
  author    = {Olga Moskvyak and
               Fr{\'{e}}d{\'{e}}ric Maire and
               Feras Dayoub and
               Mahsa Baktashmotlagh},
  title     = {Keypoint-Aligned Embeddings for Image Retrieval and Re-identification},
  booktitle = { WACV
               2021, Waikoloa, HI, USA, January 3-8, 2021},
  pages     = {676--685},
  publisher = {{IEEE}},
  year      = {2021},
  url       = {https://doi.org/10.1109/WACV48630.2021.00072},
  doi       = {10.1109/WACV48630.2021.00072},
  timestamp = {Sat, 09 Apr 2022 12:43:31 +0200},
  biburl    = {https://dblp.org/rec/conf/wacv/MoskvyakMDB21.bib},
  bibsource = {dblp computer science bibliography, https://dblp.org}
}

@inproceedings{DBLP:conf/eccv/PanLST18,
  author    = {Xingang Pan and
               Ping Luo and
               Jianping Shi and
               Xiaoou Tang},
  editor    = {Vittorio Ferrari and
               Martial Hebert and
               Cristian Sminchisescu and
               Yair Weiss},
  title     = {Two at Once: Enhancing Learning and Generalization Capacities via
               IBN-Net},
  booktitle = {ECCV 2018 - 15th European Conference, Munich,
               Germany, September 8-14, 2018, Proceedings, Part {IV}},
  series    = {Lecture Notes in Computer Science},
  volume    = {11208},
  pages     = {484--500},
  publisher = {Springer},
  year      = {2018},
  url       = {https://doi.org/10.1007/978-3-030-01225-0\_29},
  doi       = {10.1007/978-3-030-01225-0\_29},
  timestamp = {Tue, 14 May 2019 10:00:45 +0200},
  biburl    = {https://dblp.org/rec/conf/eccv/PanLST18.bib},
  bibsource = {dblp computer science bibliography, https://dblp.org}
}

@inproceedings{DBLP:conf/icml/RadfordKHRGASAM21,
  author    = {Alec Radford and
               Jong Wook Kim and
               Chris Hallacy and
               Aditya Ramesh and
               Gabriel Goh and
               Sandhini Agarwal and
               Girish Sastry and
               Amanda Askell and
               Pamela Mishkin and
               Jack Clark and
               Gretchen Krueger and
               Ilya Sutskever},
  editor    = {Marina Meila and
               Tong Zhang},
  title     = {Learning Transferable Visual Models From Natural Language Supervision},
  booktitle = {ICML 2021, 18-24 July 2021, Virtual Event},
  series    = {Proceedings of Machine Learning Research},
  volume    = {139},
  pages     = {8748--8763},
  publisher = {{PMLR}},
  year      = {2021},
  url       = {http://proceedings.mlr.press/v139/radford21a.html},
  timestamp = {Wed, 25 Aug 2021 17:11:17 +0200},
  biburl    = {https://dblp.org/rec/conf/icml/RadfordKHRGASAM21.bib},
  bibsource = {dblp computer science bibliography, https://dblp.org}
}

@article{DBLP:journals/mms/WangWWWL22,
  author    = {Shijie Wang and
               Zhihui Wang and
               Ning Wang and
               Hong Wang and
               Haojie Li},
  title     = {From coarse to fine: multi-level feature fusion network for fine-grained
               image retrieval},
  journal   = {Multim. Syst.},
  volume    = {28},
  number    = {4},
  pages     = {1515--1528},
  year      = {2022},
  url       = {https://doi.org/10.1007/s00530-022-00899-6},
  doi       = {10.1007/s00530-022-00899-6},
  timestamp = {Mon, 08 Aug 2022 21:23:59 +0200},
  biburl    = {https://dblp.org/rec/journals/mms/WangWWWL22.bib},
  bibsource = {dblp computer science bibliography, https://dblp.org}
}

@inproceedings{DBLP:conf/icml/RothMOCG21,
  author    = {Karsten Roth and
               Timo Milbich and
               Bj{\"{o}}rn Ommer and
               Joseph Paul Cohen and
               Marzyeh Ghassemi},
  editor    = {Marina Meila and
               Tong Zhang},
  title     = {Simultaneous Similarity-based Self-Distillation for Deep Metric Learning},
  booktitle = {ICML 2021, 18-24 July 2021, Virtual Event},
  series    = {Proceedings of Machine Learning Research},
  volume    = {139},
  pages     = {9095--9106},
  publisher = {{PMLR}},
  year      = {2021},
  url       = {http://proceedings.mlr.press/v139/roth21a.html},
  timestamp = {Wed, 25 Aug 2021 17:11:17 +0200},
  biburl    = {https://dblp.org/rec/conf/icml/RothMOCG21.bib},
  bibsource = {dblp computer science bibliography, https://dblp.org}
}

@inproceedings{DBLP:conf/icml/SeidenschwarzEL21,
  author    = {Jenny Denise Seidenschwarz},
  editor    = {Marina Meila and
               Tong Zhang},
  title     = {Learning Intra-Batch Connections for Deep Metric Learning},
  booktitle = {Proceedings of the 38th International Conference on Machine Learning,
               {ICML} 2021, 18-24 July 2021, Virtual Event},
  series    = {Proceedings of Machine Learning Research},
  volume    = {139},
  pages     = {9410--9421},
  publisher = {{PMLR}},
  year      = {2021},
  url       = {http://proceedings.mlr.press/v139/seidenschwarz21a.html},
  timestamp = {Wed, 25 Aug 2021 17:11:17 +0200},
  biburl    = {https://dblp.org/rec/conf/icml/SeidenschwarzEL21.bib},
  bibsource = {dblp computer science bibliography, https://dblp.org}
}

@inproceedings{DBLP:conf/mm/ShenZJCJCH17,
  author    = {Chen Shen and
               Chang Zhou and
               Zhongming Jin and
               Wenqing Chu and
               Rongxin Jiang and
               Yaowu Chen and
               Xian{-}Sheng Hua},
  editor    = {Wanmin Wu and
               Jianchao Yang and
               Qi Tian and
               Roger Zimmermann},
  title     = {Learning Feature Embedding with Strong Neural Activations for Fine-Grained
               Retrieval},
  booktitle = {ACM MM 2017,
               Mountain View, CA, USA, October 23 - 27, 2017},
  pages     = {424--432},
  publisher = {{ACM}},
  year      = {2017},
  url       = {https://doi.org/10.1145/3126686.3126708},
  doi       = {10.1145/3126686.3126708},
  timestamp = {Thu, 03 Oct 2019 13:37:31 +0200},
  biburl    = {https://dblp.org/rec/conf/mm/ShenZJCJCH17.bib},
  bibsource = {dblp computer science bibliography, https://dblp.org}
}

@inproceedings{DBLP:conf/cvpr/SongXJS16,
  author    = {Hyun Oh Song and
               Yu Xiang and
               Stefanie Jegelka and
               Silvio Savarese},
  title     = {Deep Metric Learning via Lifted Structured Feature Embedding},
  booktitle = {2016 {IEEE} Conference on Computer Vision and Pattern Recognition,
               {CVPR} 2016, Las Vegas, NV, USA, June 27-30, 2016},
  pages     = {4004--4012},
  publisher = {{IEEE} Computer Society},
  year      = {2016},
  url       = {https://doi.org/10.1109/CVPR.2016.434},
  doi       = {10.1109/CVPR.2016.434},
  timestamp = {Wed, 16 Oct 2019 14:14:50 +0200},
  biburl    = {https://dblp.org/rec/conf/cvpr/SongXJS16.bib},
  bibsource = {dblp computer science bibliography, https://dblp.org}
}

@inproceedings{DBLP:conf/cvpr/SzegedyVISW16,
  author    = {Christian Szegedy and
               Vincent Vanhoucke and
               Sergey Ioffe and
               Jonathon Shlens and
               Zbigniew Wojna},
  title     = {Rethinking the Inception Architecture for Computer Vision},
  booktitle = {2016 {IEEE} Conference on Computer Vision and Pattern Recognition,
               {CVPR} 2016, Las Vegas, NV, USA, June 27-30, 2016},
  pages     = {2818--2826},
  publisher = {{IEEE} Computer Society},
  year      = {2016},
  url       = {https://doi.org/10.1109/CVPR.2016.308},
  doi       = {10.1109/CVPR.2016.308},
  timestamp = {Sun, 25 Oct 2020 23:02:11 +0100},
  biburl    = {https://dblp.org/rec/conf/cvpr/SzegedyVISW16.bib},
  bibsource = {dblp computer science bibliography, https://dblp.org}
}

@inproceedings{DBLP:conf/eccv/TehDT20,
  author    = {Eu Wern Teh},
  editor    = {Andrea Vedaldi and
               Horst Bischof and
               Thomas Brox and
               Jan{-}Michael Frahm},
  title     = {ProxyNCA++: Revisiting and Revitalizing Proxy Neighborhood Component
               Analysis},
  booktitle = {Computer Vision - {ECCV} 2020 - 16th European Conference, Glasgow,
               UK, August 23-28, 2020, Proceedings, Part {XXIV}},
  series    = {Lecture Notes in Computer Science},
  volume    = {12369},
  pages     = {448--464},
  publisher = {Springer},
  year      = {2020},
  url       = {https://doi.org/10.1007/978-3-030-58586-0\_27},
  doi       = {10.1007/978-3-030-58586-0\_27},
  timestamp = {Mon, 30 Nov 2020 17:54:05 +0100},
  biburl    = {https://dblp.org/rec/conf/eccv/TehDT20.bib},
  bibsource = {dblp computer science bibliography, https://dblp.org}
}

@inproceedings{DBLP:conf/cvpr/WangHHDS19,
  author    = {Xun Wang and
               Xintong Han and
               Weilin Huang and
               Dengke Dong and
               Matthew R. Scott},
  title     = {Multi-Similarity Loss With General Pair Weighting for Deep Metric
               Learning},
  booktitle = {{IEEE} Conference on Computer Vision and Pattern Recognition, {CVPR}
               2019, Long Beach, CA, USA, June 16-20, 2019},
  pages     = {5022--5030},
  publisher = {Computer Vision Foundation / {IEEE}},
  year      = {2019},
  url       = {http://openaccess.thecvf.com/content\_CVPR\_2019/html/Wang\_Multi-Similarity\_Loss\_With\_General\_Pair\_Weighting\_for\_Deep\_Metric\_Learning\_CVPR\_2019\_paper.html},
  doi       = {10.1109/CVPR.2019.00516},
  timestamp = {Mon, 30 Aug 2021 17:01:14 +0200},
  biburl    = {https://dblp.org/rec/conf/cvpr/WangHHDS19.bib},
  bibsource = {dblp computer science bibliography, https://dblp.org}
}

@article{DBLP:journals/tip/WeiLWZ17,
  author    = {Xiu{-}Shen Wei and
               Jian{-}Hao Luo and
               Jianxin Wu and
               Zhi{-}Hua Zhou},
  title     = {Selective Convolutional Descriptor Aggregation for Fine-Grained Image
               Retrieval},
  journal   = {{IEEE} Trans. Image Process.},
  volume    = {26},
  number    = {6},
  pages     = {2868--2881},
  year      = {2017},
  url       = {https://doi.org/10.1109/TIP.2017.2688133},
  doi       = {10.1109/TIP.2017.2688133},
  timestamp = {Sun, 10 May 2020 21:20:16 +0200},
  biburl    = {https://dblp.org/rec/journals/tip/WeiLWZ17.bib},
  bibsource = {dblp computer science bibliography, https://dblp.org}
}

@article{DBLP:journals/corr/abs-2109-11797,
  author    = {Yuan Yao and
               Ao Zhang and
               Zhengyan Zhang and
               Zhiyuan Liu and
               Tat{-}Seng Chua and
               Maosong Sun},
  title     = {{CPT:} Colorful Prompt Tuning for Pre-trained Vision-Language Models},
  journal   = {CoRR},
  volume    = {abs/2109.11797},
  year      = {2021},
  url       = {https://arxiv.org/abs/2109.11797},
  eprinttype = {arXiv},
  eprint    = {2109.11797},
  timestamp = {Fri, 10 Dec 2021 09:50:48 +0100},
  biburl    = {https://dblp.org/rec/journals/corr/abs-2109-11797.bib},
  bibsource = {dblp computer science bibliography, https://dblp.org}
}

@article{DBLP:journals/ijon/ZengLWZCL21,
  author    = {Xianxian Zeng and
               Shun Liu and
               Xiaodong Wang and
               Yun Zhang and
               Kairui Chen and
               Dong Li},
  title     = {Hard Decorrelated Centralized Loss for fine-grained image retrieval},
  journal   = {Neurocomputing},
  volume    = {453},
  pages     = {26--37},
  year      = {2021},
  url       = {https://doi.org/10.1016/j.neucom.2021.04.030},
  doi       = {10.1016/j.neucom.2021.04.030},
  timestamp = {Mon, 21 Jun 2021 13:55:22 +0200},
  biburl    = {https://dblp.org/rec/journals/ijon/ZengLWZCL21.bib},
  bibsource = {dblp computer science bibliography, https://dblp.org}
}

@inproceedings{DBLP:conf/cvpr/ZhengWL021,
  author    = {Wenzhao Zheng and
               Chengkun Wang and
               Jiwen Lu and
               Jie Zhou},
  title     = {Deep Compositional Metric Learning},
  booktitle = {{IEEE} Conference on Computer Vision and Pattern Recognition, {CVPR}
               2021, virtual, June 19-25, 2021},
  pages     = {9320--9329},
  publisher = {Computer Vision Foundation / {IEEE}},
  year      = {2021},
  url       = {https://openaccess.thecvf.com/content/CVPR2021/html/Zheng\_Deep\_Compositional\_Metric\_Learning\_CVPR\_2021\_paper.html},
  doi       = {10.1109/CVPR46437.2021.00920},
  timestamp = {Mon, 18 Jul 2022 16:47:41 +0200},
  biburl    = {https://dblp.org/rec/conf/cvpr/ZhengWL021.bib},
  bibsource = {dblp computer science bibliography, https://dblp.org}
}

@inproceedings{DBLP:conf/iccv/ZhengZL021,
  author    = {Wenzhao Zheng and
               Borui Zhang and
               Jiwen Lu and
               Jie Zhou},
  title     = {Deep Relational Metric Learning},
  booktitle = {2021 {IEEE/CVF} International Conference on Computer Vision, {ICCV}
               2021, Montreal, QC, Canada, October 10-17, 2021},
  pages     = {12045--12054},
  publisher = {{IEEE}},
  year      = {2021},
  url       = {https://doi.org/10.1109/ICCV48922.2021.01185},
  doi       = {10.1109/ICCV48922.2021.01185},
  timestamp = {Fri, 11 Mar 2022 10:01:59 +0100},
  biburl    = {https://dblp.org/rec/conf/iccv/ZhengZL021.bib},
  bibsource = {dblp computer science bibliography, https://dblp.org}
}

@inproceedings{DBLP:conf/ijcai/ZhengJSWHY18,
  author    = {Xiawu Zheng and
               Rongrong Ji and
               Xiaoshuai Sun and
               Yongjian Wu and
               Feiyue Huang and
               Yanhua Yang},
  editor    = {J{\'{e}}r{\^{o}}me Lang},
  title     = {Centralized Ranking Loss with Weakly Supervised Localization for Fine-Grained
               Object Retrieval},
  booktitle = { {IJCAI} 2018, July 13-19, 2018, Stockholm,
               Sweden},
  pages     = {1226--1233},
  publisher = {ijcai.org},
  year      = {2018},
  url       = {https://doi.org/10.24963/ijcai.2018/171},
  doi       = {10.24963/ijcai.2018/171},
  timestamp = {Tue, 20 Aug 2019 16:19:08 +0200},
  biburl    = {https://dblp.org/rec/conf/ijcai/ZhengJSWHY18.bib},
  bibsource = {dblp computer science bibliography, https://dblp.org}
}

@inproceedings{DBLP:conf/aaai/ZhengJSZWH19,
  author    = {Xiawu Zheng and
               Rongrong Ji and
               Xiaoshuai Sun and
               Baochang Zhang and
               Yongjian Wu and
               Feiyue Huang},
  title     = {Towards Optimal Fine Grained Retrieval via Decorrelated Centralized
               Loss with Normalize-Scale Layer},
  booktitle = {AAAI 2019, {EAAI} 2019, Honolulu, Hawaii,
               USA, January 27 - February 1, 2019},
  pages     = {9291--9298},
  publisher = {{AAAI} Press},
  year      = {2019},
  url       = {https://doi.org/10.1609/aaai.v33i01.33019291},
  doi       = {10.1609/aaai.v33i01.33019291},
  timestamp = {Tue, 02 Feb 2021 08:00:30 +0100},
  biburl    = {https://dblp.org/rec/conf/aaai/ZhengJSZWH19.bib},
  bibsource = {dblp computer science bibliography, https://dblp.org}
}

@article{DBLP:journals/corr/abs-2109-01134,
  author    = {Kaiyang Zhou and
               Jingkang Yang and
               Chen Change Loy and
               Ziwei Liu},
  title     = {Learning to Prompt for Vision-Language Models},
  journal   = {CoRR},
  volume    = {abs/2109.01134},
  year      = {2021},
  url       = {https://arxiv.org/abs/2109.01134},
  eprinttype = {arXiv},
  eprint    = {2109.01134},
  timestamp = {Mon, 20 Sep 2021 16:29:41 +0200},
  biburl    = {https://dblp.org/rec/journals/corr/abs-2109-01134.bib},
  bibsource = {dblp computer science bibliography, https://dblp.org}
}

@inproceedings{DBLP:conf/icml/ZintgrafSKHW19,
  author    = {Luisa M. Zintgraf and
               Kyriacos Shiarlis and
               Vitaly Kurin and
               Katja Hofmann and
               Shimon Whiteson},
  editor    = {Kamalika Chaudhuri and
               Ruslan Salakhutdinov},
  title     = {Fast Context Adaptation via Meta-Learning},
  booktitle = {ICML 2019, 9-15 June 2019, Long Beach, California, {USA}},
  series    = {Proceedings of Machine Learning Research},
  volume    = {97},
  pages     = {7693--7702},
  publisher = {{PMLR}},
  year      = {2019},
  url       = {http://proceedings.mlr.press/v97/zintgraf19a.html},
  timestamp = {Tue, 11 Jun 2019 15:37:38 +0200},
  biburl    = {https://dblp.org/rec/conf/icml/ZintgrafSKHW19.bib},
  bibsource = {dblp computer science bibliography, https://dblp.org}
}