@article{law2019take,
author = {Law, Stephen and Paige, Brooks and Russell, Chris}, title = {Take a Look Around: Using Street View and Satellite Images to Estimate House Prices}, year = {2019}, issue_date = {November 2019}, publisher = {Association for Computing Machinery}, address = {New York, NY, USA}, volume = {10}, number = {5}, issn = {2157-6904}, url = {https://doi.org/10.1145/3342240}, doi = {10.1145/3342240}, journal = {ACM Trans. Intell. Syst. Technol.}, month = sep, articleno = {54}, numpages = {19}, keywords = {hedonic price models, Real estate, London, deep learning, convolutional neural network, computer vision}
}

@article{poursaeed2018vision,
  title={Vision-based real estate price estimation},
  author={Poursaeed, Omid and Matera, Tom{\'a}{\v{s}} and Belongie, Serge},
  journal={Machine Vision and Applications},
  volume={29},
  number={4},
  pages={667--676},
  year={2018},
  publisher={Springer}
}

@inproceedings{bency2017beyond,
author={A. J. {Bency} and S. {Rallapalli} and R. K. {Ganti} and M. {Srivatsa} and B. S. {Manjunath}},
  booktitle={2017 IEEE Winter Conference on Applications of Computer Vision (WACV)}, 
  title={Beyond Spatial Auto-Regressive Models: Predicting Housing Prices with Satellite Imagery}, 
  year={2017},
  volume={},
  number={},
  pages={320-329},
}

@inproceedings{limsombunchai2004house,
  title={House price prediction: hedonic price model vs. artificial neural network},
  author={Limsombunchai, Visit},
  booktitle={New Zealand Agricultural and Resource Economics Society Conference},
  pages={1--15},
  year={2004}
}

@article{park2015using,
  title={Using machine learning algorithms for housing price prediction: The case of Fairfax County, Virginia housing data},
  author={Park, Byeonghwa and Bae, Jae Kwon},
  journal={Expert Systems with Applications},
  volume={42},
  number={6},
  pages={2928--2934},
  year={2015},
  publisher={Elsevier}
}

@article{helbich2013boosting,
  title={Boosting the predictive accuracy of urban hedonic house price models through airborne laser scanning},
  author={Helbich, Marco and Jochem, Andreas and M{\"u}cke, Werner and H{\"o}fle, Bernhard},
  journal={Computers, environment and urban systems},
  volume={39},
  pages={81--92},
  year={2013},
  publisher={Elsevier},
  doi="10.1016/j.compenvurbsys.2013.01.001"
}

@article{ligus2016measuring,
  title={Measuring structural, location and environmental effects: A hedonic analysis of housing market in Wroclaw, Poland},
  author={Ligus, Magdalena and Peternek, Piotr},
  journal={Procedia-Social and Behavioral Sciences},
  volume={220},
  pages={251--260},
  year={2016},
  publisher={Elsevier},
  doi="10.1016/j.sbspro.2016.05.497"
}

@article{noor2015sustainable,
  title={Sustainable Urban Regeneration: GIS and Hedonic Pricing Method in determining the value of green space in housing area},
  author={Noor, Norzailawati Mohd and Asmawi, M Zainora and Abdullah, Alias},
  journal={Procedia-Social and Behavioral Sciences},
  volume={170},
  pages={669--679},
  year={2015},
  publisher={Elsevier},
  doi="10.1016/j.sbspro.2015.01.069"
}

@article{kok2017big,
  title={Big Data in Real Estate? From Manual Appraisal to Automated Valuation},
  author={Kok, Nils and Koponen, Eija-Leena and Mart{\'i}nez-Barbosa, Carmen Adriana},
  journal={The Journal of Portfolio Management},
  volume={43},
  number={6},
  pages={202--211},
  year={2017},
  publisher={Institutional Investor Journals Umbrella}
}

@article{hill2018can,
  title={Can geospatial data improve house price indexes? A hedonic imputation approach with splines},
  author={Hill, Robert J and Scholz, Michael},
  journal={Review of Income and Wealth},
  volume={64},
  number={4},
  pages={737--756},
  year={2018},
  publisher={Wiley Online Library}
}

@inproceedings{he2015delving,
  title={Delving deep into rectifiers: Surpassing human-level performance on imagenet classification},
  author={He, Kaiming and Zhang, Xiangyu and Ren, Shaoqing and Sun, Jian},
  booktitle={Proceedings of the IEEE international conference on computer vision},
  pages={1026--1034},
  year={2015}
}

@article{rosen1974hedonic,
author = {Rosen, Sherwin},
title = {Hedonic Prices and Implicit Markets: Product Differentiation in Pure Competition},
journal = {Journal of Political Economy},
volume = {82},
number = {1},
pages = {34-55},
year = {1974},
doi = {10.1086/260169},
}

@article{lancaster1966new,
author = {Lancaster, Kelvin J.},
title = {A New Approach to Consumer Theory},
journal = {Journal of Political Economy},
volume = {74},
number = {2},
pages = {132-157},
year = {1966},
doi = "10.1086/259131",
}

@inproceedings{bessinger2016quantifying,
  title={Quantifying curb appeal},
  author={Bessinger, Zachary and Jacobs, Nathan},
  booktitle={2016 IEEE International Conference on Image Processing (ICIP)},
  pages={4388--4392},
  year={2016},
  organization={IEEE}
}

@article{liu2018learning,
  title={Learning Multi-Instance Deep Ranking and Regression Network for Visual House Appraisal},
  author={Liu, Xiaobai and Xu, Qian and Yang, Jingjie and Thalman, Jacob and Yan, Shuicheng and Luo, Jiebo},
  journal={IEEE Transactions on Knowledge and Data Engineering},
  volume={30},
  number={8},
  pages={1496--1506},
  year={2018},
  publisher={IEEE}
}

@article{xu2013survey,
  title={A survey on multi-view learning},
  author={Xu, Chang and Tao, Dacheng and Xu, Chao},
  journal={arXiv preprint arXiv:1304.5634},
  year={2013}
}

@article{li2018survey,
  title={A survey of multi-view representation learning},
  author={Li, Yingming and Yang, Ming and Zhang, Zhongfei},
  journal={IEEE transactions on knowledge and data engineering},
  volume={31},
  number={10},
  pages={1863--1883},
  year={2018},
  publisher={IEEE}
}

@inproceedings{naumzik2020one,
  title={One Picture Is Worth a Thousand Words? The Pricing Power of Images in e-Commerce},
  author={Naumzik, Christof and Feuerriegel, Stefan},
  booktitle={Proceedings of The Web Conference 2020},
  pages={3119--3125},
  year={2020}
}

@article{cohen2008spatial,
  title={Spatial hedonic models of airport noise, proximity, and housing prices},
  author={Cohen, Jeffrey P and Coughlin, Cletus C},
  journal={Journal of regional science},
  volume={48},
  number={5},
  pages={859--878},
  year={2008},
  publisher={Wiley Online Library}
}

@misc{Ashville_1,
  author = {{City of Asheville}},
  title = {Real estate appraisal residential building 2018},
  year = 2018,
  howpublished = "\url{http://data-avl.opendata.arcgis.com/datasets/bunco::real-estate-appraisal-residential-building-2018}",
  urldate = {2019-09-07}
}


@misc{Bing,
  author = {{Microsoft Inc.}},
  title = {Get a static map},
  year = 2018,
  howpublished = "\url{https://docs.microsoft.com/en-us/bingmaps/rest-services/imagery/get-a-static-map}",
  urldate = {2019-09-07}
}

 @misc{stupak, title={Introduction to U.S. Economy: Housing Market}, howpublished={https://fas.org/sgp/crs/misc/IF11327.pdf}, publisher={Congressional Research Service (CRS)}, author={ Stupak, Jeffrey M.}, year=2019} 
 
  @misc{nahb, title={Housing's Contribution to Gross Domestic Product}, howpublished={https://www.nahb.org/news-and-economics/housing-economics/Housings-Economic-Impact/Housings-Contribution-to-Gross-Domestic-Product}, publisher={National Association of Home Builders (NAHB)}, author={{National Association of Home Builders}}, year=2020} 
  
  @article{sun2013survey,
  title={A survey of multi-view machine learning},
  author={Sun, Shiliang},
  journal={Neural computing and applications},
  volume={23},
  number={7-8},
  pages={2031--2038},
  year={2013},
  publisher={Springer}
}

@article{zhao2017multi,
  title={Multi-view learning overview: Recent progress and new challenges},
  author={Zhao, Jing and Xie, Xijiong and Xu, Xin and Sun, Shiliang},
  journal={Information Fusion},
  volume={38},
  pages={43--54},
  year={2017},
  publisher={Elsevier}
}

@article{simonyan2014very,
  title={Very deep convolutional networks for large-scale image recognition},
  author={Simonyan, Karen and Zisserman, Andrew},
  journal={arXiv preprint arXiv:1409.1556},
  year={2014}
}

@article{kucklick2020location,
  title={Location, location, location: Satellite image-based real-estate appraisal},
  author={Kucklick, Jan-Peter and M{\"u}ller, Oliver},
  journal={arXiv preprint arXiv:2006.11406},
  year={2020}
}