
%%%%%%%%%%%%%%%%%%%%%%%%%%%%%%%%%%%%%%%%%%%%%%%%%%%%%%%%%%%%%%%%%%%%%%%%%%%%%%%%
%%%%%%%%%%%%%%%% main citation (baseline/ backbone) %%%%%%%%%%%%%%%%%%%%%%%%%%%%%%%%%%%%%%%%%%%%%%%%
%%%%%%%%%%%%%%%%%%%%%%%%%%%%%%%%%%%%%%%%%%%%%%%%%%%%%%%%%%%%%%%%%%%%%%%%%%%%%%%%
%DAML
@article{qian2019domain,
  title={Domain Adaptive Dialog Generation via Meta Learning},
  author={Qian, Kun and Yu, Zhou},
  journal={arXiv preprint arXiv:1906.03520},
  year={2019}
}

%SOLOIST
@article{Peng2020SOLOISTFT,
  title={SOLOIST: Few-shot Task-Oriented Dialog with A Single Pre-trained Auto-regressive Model},
  author={Baolin Peng and Chunyuan Li and Jin-chao Li and Shahin Shayandeh and Lars Liden and Jianfeng Gao},
  journal={ArXiv},
  year={2020},
  volume={abs/2005.05298}
}
%DAMD
@article{zhang2019task,
  title={Task-Oriented Dialog Systems that Consider Multiple Appropriate Responses under the Same Context},
  author={Zhang, Yichi and Ou, Zhijian and Yu, Zhou},
  journal={arXiv preprint arXiv:1911.10484},
  year={2019}
}

%%%%%%%%%%%%%%%%%%%%%%%%%%%%%%%%%%%%%%%%%%%%%%%%%%%%%%%%%%%%%%%%%%%%%%%%%%%%%%%%
%%%%%%%%%%%%%%%% related work %%%%%%%%%%%%%%%%%%%%%%%%%%%%%%%%%%%%%%%%%%%%%%%%
%%%%%%%%%%%%%%%%%%%%%%%%%%%%%%%%%%%%%%%%%%%%%%%%%%%%%%%%%%%%%%%%%%%%%%%%%%%%%%%%
%%%%%%%%%%%%%%%% transfer learning %%%%%%%%%%%%%%%%
@article{caruana1997multitask,
  title={Multitask learning},
  author={Caruana, Rich},
  journal={Machine learning},
  volume={28},
  number={1},
  pages={41--75},
  year={1997},
  publisher={Springer}
}

@inproceedings{bengio2012deep,
  title={Deep learning of representations for unsupervised and transfer learning},
  author={Bengio, Yoshua},
  booktitle={Proceedings of ICML Workshop on Unsupervised and Transfer Learning},
  pages={17--36},
  year={2012}
}
@article{shalyminov2019few,
  title={Few-Shot Dialogue Generation Without Annotated Data: A Transfer Learning Approach},
  author={Shalyminov, Igor and Lee, Sungjin and Eshghi, Arash and Lemon, Oliver},
  journal={arXiv preprint arXiv:1908.05854},
  year={2019}
}
@inproceedings{Mo2018PersonalizingAD,
  title={Personalizing a Dialogue System With Transfer Reinforcement Learning},
  author={Kaixiang Mo and Yu Zhang and Shuangyin Li and Jiajun Li and Qiang Yang},
  booktitle={AAAI},
  year={2018}
}
@inproceedings{Genevay2016TransferLF,
  title={Transfer Learning for User Adaptation in Spoken Dialogue Systems},
  author={Aude Genevay and Romain Laroche},
  booktitle={AAMAS},
  year={2016}
}
%%%%%%%%%%%%%%%% pre-trained model %%%%%%%%%%%%%%%%

@article{Devlin2019BERTPO,
  title={BERT: Pre-training of Deep Bidirectional Transformers for Language Understanding},
  author={Jacob Devlin and Ming-Wei Chang and Kenton Lee and Kristina Toutanova},
  journal={ArXiv},
  year={2019},
  volume={abs/1810.04805}
}
@article{radford2019language,
  title={Language models are unsupervised multitask learners},
  author={Radford, Alec and Wu, Jeffrey and Child, Rewon and Luan, David and Amodei, Dario and Sutskever, Ilya},
  journal={OpenAI Blog},
  volume={1},
  number={8},
  pages={9},
  year={2019}
}
@article{budzianowski2019hello,
  title={Hello, It's GPT-2--How Can I Help You? Towards the Use of Pretrained Language Models for Task-Oriented Dialogue Systems},
  author={Budzianowski, Pawe{\l} and Vuli{\'c}, Ivan},
  journal={arXiv preprint arXiv:1907.05774},
  year={2019}
}
@article{Shalyminov2020HybridGT,
  title={Hybrid Generative-Retrieval Transformers for Dialogue Domain Adaptation},
  author={Igor Shalyminov and Alessandro Sordoni and Adam Atkinson and Hannes Schulz},
  journal={ArXiv},
  year={2020},
  volume={abs/2003.01680}
}
%%%%%%%%%%%%%%%% meta learning %%%%%%%%%%%%%%%%
% MAML
@inproceedings{finn2017model,
  title={Model-agnostic meta-learning for fast adaptation of deep networks},
  author={Finn, Chelsea and Abbeel, Pieter and Levine, Sergey},
  booktitle={Proceedings of the 34th International Conference on Machine Learning-Volume 70},
  pages={1126--1135},
  year={2017},
  organization={JMLR. org}
}
% application
%translation
@article{gu2018meta,
  title={Meta-learning for low-resource neural machine translation},
  author={Gu, Jiatao and Wang, Yong and Chen, Yun and Cho, Kyunghyun and Li, Victor OK},
  journal={arXiv preprint arXiv:1808.08437},
  year={2018}
}
%image classification
@article{Rusu2019MetaLearningWL,
  title={Meta-Learning with Latent Embedding Optimization},
  author={Andrei A. Rusu and Dushyant Rao and Jakub Sygnowski and Oriol Vinyals and Razvan Pascanu and Simon Osindero and Raia Hadsell},
  journal={ArXiv},
  year={2019},
  volume={abs/1807.05960}
}
% meta in dialog
@inproceedings{Song2019LearningTC,
  title={Learning to Customize Model Structures for Few-shot Dialogue Generation Tasks},
  author={Yiping Song and Zequn Liu and Wei Bi and Rui Yan and Ming Zhang},
  year={2019}
}
%%%%%%%%%%%%%%%% student-teacher %%%%%%%%%%%%%%%%\
@article{anderson1985intelligent,
  title={Intelligent tutoring systems},
  author={Anderson, John R and Boyle, C Franklin and Reiser, Brian J},
  journal={Science},
  volume={228},
  number={4698},
  pages={456--462},
  year={1985},
  publisher={American Association for the Advancement of Science}
}
% teach to select data
@inproceedings{Zhu2015MachineTA,
  title={Machine Teaching: An Inverse Problem to Machine Learning and an Approach Toward Optimal Education},
  author={Xiaojin Zhu},
  booktitle={AAAI},
  year={2015}
}
@article{Liu2017IterativeMT,
  title={Iterative Machine Teaching},
  author={Weiyang Liu and Bo Dai and Ahmad Humayun and Charlene Tay and Chen Yu and Linda B. Smith and James M. Rehg and Le Song},
  journal={ArXiv},
  year={2017},
  volume={abs/1705.10470}
}
% knowledge distillation
@article{Hinton2015DistillingTK,
  title={Distilling the Knowledge in a Neural Network},
  author={Geoffrey E. Hinton and Oriol Vinyals and Jeffrey Dean},
  journal={ArXiv},
  year={2015},
  volume={abs/1503.02531}
}

@article{Peng2019TeacherStudentFE,
  title={Teacher-Student Framework Enhanced Multi-domain Dialogue Generation},
  author={Shuke Peng and Xinjing Huang and Zehao Lin and Feng Ji and Haiqing Chen and Yanping Zhang},
  journal={ArXiv},
  year={2019},
  volume={abs/1908.07137}
}

@article{Kim2016SequenceLevelKD,
  title={Sequence-Level Knowledge Distillation},
  author={Yoon Kim and Alexander M. Rush},
  journal={ArXiv},
  year={2016},
  volume={abs/1606.07947}
}


@inproceedings{Wu2018LearningTT,
  title={Learning to Teach with Dynamic Loss Functions},
  author={Lijun Wu and Fei Tian and Yingce Xia and Yang Fan and Tao Qin and Jian-Huang Lai and Tie-Yan Liu},
  booktitle={NeurIPS},
  year={2018}
}

@article{Fan2018LearningTT,
  title={Learning to Teach},
  author={Yang Fan and Fei Tian and Tao Qin and Xiuping Li and Tie-Yan Liu},
  journal={ArXiv},
  year={2018},
  volume={abs/1805.03643}
}




%%%%%%%%%%%%%%%% end-to-end trainable dialog systems %%%%%%%%%%%%%%%%
% nlu
@article{Deng2012UseOK,
  title={Use of kernel deep convex networks and end-to-end learning for spoken language understanding},
  author={Li Deng and G{\"o}khan T{\"u}r and Xiaodong He and Dilek Z. Hakkani-T{\"u}r},
  journal={2012 IEEE Spoken Language Technology Workshop (SLT)},
  year={2012},
  pages={210-215}
}
@article{Dauphin2014ZeroShotLA,
  title={Zero-Shot Learning and Clustering for Semantic Utterance Classification},
  author={Yann Dauphin and G{\"o}khan T{\"u}r and Dilek Z. Hakkani-T{\"u}r and Larry P. Heck},
  journal={CoRR},
  year={2014},
  volume={abs/1401.0509}
}
%dst
@article{Henderson2014TheTD,
  title={The third Dialog State Tracking Challenge},
  author={Matthew Henderson and Blaise Thomson and Jason D. Williams},
  journal={2014 IEEE Spoken Language Technology Workshop (SLT)},
  year={2014},
  pages={324-329}
}
%npl
@article{Young2010TheHI,
  title={The Hidden Information State model: A practical framework for POMDP-based spoken dialogue management},
  author={Steve J. Young and Milica Gasic and Simon Keizer and Fran√ßois Mairesse and Jost Schatzmann and Blaise Thomson and Kai Yu},
  journal={Computer Speech $\&$ Language},
  year={2010},
  volume={24},
  pages={150-174}
}
%nlg
@inproceedings{Dhingra2017EndtoEndRL,
  title={End-to-End Reinforcement Learning of Dialogue Agents for Information Access},
  author={Bhuwan Dhingra and Lihong Li and Xiujun Li and Jianfeng Gao and Yun-Nung Chen and Faisal Ahmed and Li Deng},
  booktitle={ACL},
  year={2017}
}
@inproceedings{Wen2015StochasticLG,
  title={Stochastic Language Generation in Dialogue using Recurrent Neural Networks with Convolutional Sentence Reranking},
  author={Tsung-Hsien Wen and Milica Gasic and Dongho Kim and Nikola Mrksic and Pei-hao Su and David Vandyke and Steve J. Young},
  booktitle={SIGDIAL Conference},
  year={2015}
}

% end-to-end
@article{wen2016network,
  title={A network-based end-to-end trainable task-oriented dialogue system},
  author={Wen, Tsung-Hsien and Vandyke, David and Mrksic, Nikola and Gasic, Milica and Rojas-Barahona, Lina M and Su, Pei-Hao and Ultes, Stefan and Young, Steve},
  journal={arXiv preprint arXiv:1604.04562},
  year={2016}
}

% sequicity
@inproceedings{lei2018sequicity,
  title={Sequicity: Simplifying task-oriented dialogue systems with single sequence-to-sequence architectures},
  author={Lei, Wenqiang and Jin, Xisen and Kan, Min-Yen and Ren, Zhaochun and He, Xiangnan and Yin, Dawei},
  booktitle={Proceedings of the 56th Annual Meeting of the Association for Computational Linguistics (Volume 1: Long Papers)},
  pages={1437--1447},
  year={2018}
}

%%%%%%%%%%%%%%%% domain adaptation for dialog system %%%%%%%%%%%%%%%%
@article{zhao2018zero,
  title={Zero-shot dialog generation with cross-domain latent actions},
  author={Zhao, Tiancheng and Eskenazi, Maxine},
  journal={arXiv preprint arXiv:1805.04803},
  year={2018}
}
%%%%%%%%%%%%%%%% other  %%%%%%%%%%%%%%%%
@article{Li2019EndtoEndTN,
  title={End-to-End Trainable Non-Collaborative Dialog System},
  author={Yu Li and Kun Qian and Weiyan Shi and Zhou Yu},
  journal={ArXiv},
  year={2019},
  volume={abs/1911.10742}
}
@inproceedings{Shi2018SentimentAE,
  title={Sentiment Adaptive End-to-End Dialog Systems},
  author={Weiyan Shi and Zhou Yu},
  booktitle={ACL},
  year={2018}
}
@article{Williams2017HybridCN,
  title={Hybrid Code Networks: practical and efficient end-to-end dialog control with supervised and reinforcement learning},
  author={Jason D. Williams and Kavosh Asadi and Geoffrey Zweig},
  journal={ArXiv},
  year={2017},
  volume={abs/1702.03274}
}
%%%%%%%%%%%%%%%%%%%%%%%%%%%%%%%%%%%%%%%%%%%%%%%%%%%%%%%%%%%%%%%%%%%%%%%%%%%%%%%%
%%%%%%%%%%%%%%%% model structure %%%%%%%%%%%%%%%%%%%%%%%%%%%%%%%%%%%%%%%%%%%%%%%%
%%%%%%%%%%%%%%%%%%%%%%%%%%%%%%%%%%%%%%%%%%%%%%%%%%%%%%%%%%%%%%%%%%%%%%%%%%%%%%%%
%%%gru
@article{cho2014learning,
  title={Learning phrase representations using RNN encoder-decoder for statistical machine translation},
  author={Cho, Kyunghyun and Van Merri{\"e}nboer, Bart and Gulcehre, Caglar and Bahdanau, Dzmitry and Bougares, Fethi and Schwenk, Holger and Bengio, Yoshua},
  journal={arXiv preprint arXiv:1406.1078},
  year={2014}
}

%%%rnnlm
@inproceedings{mikolov2010recurrent,
  title={Recurrent neural network based language model},
  author={Mikolov, Tom{\'a}{\v{s}} and Karafi{\'a}t, Martin and Burget, Luk{\'a}{\v{s}} and {\v{C}}ernock{\`y}, Jan and Khudanpur, Sanjeev},
  booktitle={Eleventh annual conference of the international speech communication association},
  year={2010}
}
%%%attention
@article{bahdanau2014neural,
  title={Neural machine translation by jointly learning to align and translate},
  author={Bahdanau, Dzmitry and Cho, Kyunghyun and Bengio, Yoshua},
  journal={arXiv preprint arXiv:1409.0473},
  year={2014}
}
%%%transformer
@inproceedings{vaswani2017attention,
  title={Attention is all you need},
  author={Vaswani, Ashish and Shazeer, Noam and Parmar, Niki and Uszkoreit, Jakob and Jones, Llion and Gomez, Aidan N and Kaiser, {\L}ukasz and Polosukhin, Illia},
  booktitle={Advances in neural information processing systems},
  pages={5998--6008},
  year={2017}
}
% delexicalize


% copy model
@article{Gu2016IncorporatingCM,
  title={Incorporating Copying Mechanism in Sequence-to-Sequence Learning},
  author={Jiatao Gu and Zhengdong Lu and Hang Li and Victor O. K. Li},
  journal={CoRR},
  year={2016},
  volume={abs/1603.06393}
}


%Adam
@article{kingma2014adam,
  title={Adam: A method for stochastic optimization},
  author={Kingma, Diederik P and Ba, Jimmy},
  journal={arXiv preprint arXiv:1412.6980},
  year={2014}
}

%%%%%%%%%%%%%%%%%%%%%%%%%%%%%%%%%%%%%%%%%%%%%%%%%%%%%%%%%%%%%%%%%%%%%%%%%%%%%%%%
%%%%%%%%%%%%%%%% Evaluation %%%%%%%%%%%%%%%%%%%%%%%%%%%%%%%%%%%%%%%%%%%%%%%%
%%%%%%%%%%%%%%%%%%%%%%%%%%%%%%%%%%%%%%%%%%%%%%%%%%%%%%%%%%%%%%%%%%%%%%%%%%%%%%%%

% BLEU
@inproceedings{Papineni2002BleuAM,
  title={Bleu: a Method for Automatic Evaluation of Machine Translation},
  author={Kishore Papineni and Salim Roukos and Todd Ward and Wei-Jing Zhu},
  year={2002}
}

% Multiwoz
@article{budzianowski2018multiwoz,
  title={Multiwoz-a large-scale multi-domain wizard-of-oz dataset for task-oriented dialogue modelling},
  author={Budzianowski, Pawe{\l} and Wen, Tsung-Hsien and Tseng, Bo-Hsiang and Casanueva, Inigo and Ultes, Stefan and Ramadan, Osman and Ga{\v{s}}i{\'c}, Milica},
  journal={arXiv preprint arXiv:1810.00278},
  year={2018}
}

%wizard of oz
@article{Kelley1984AnID,
  title={An iterative design methodology for user-friendly natural language office information applications},
  author={J. F. Kelley},
  journal={ACM Trans. Inf. Syst.},
  year={1984},
  volume={2},
  pages={26-41}
}

% Schema
@article{rastogi2019towards,
  title={Towards scalable multi-domain conversational agents: The schema-guided dialogue dataset},
  author={Rastogi, Abhinav and Zang, Xiaoxue and Sunkara, Srinivas and Gupta, Raghav and Khaitan, Pranav},
  journal={arXiv preprint arXiv:1909.05855},
  year={2019}
}
%glove
@inproceedings{pennington2014glove,
  author = {Jeffrey Pennington and Richard Socher and Christopher D. Manning},
  booktitle = {Empirical Methods in Natural Language Processing (EMNLP)},
  title = {GloVe: Global Vectors for Word Representation},
  year = {2014},
  pages = {1532--1543},
  url = {http://www.aclweb.org/anthology/D14-1162},
}


%dropout
@article{zaremba2014recurrent,
  title={Recurrent neural network regularization},
  author={Zaremba, Wojciech and Sutskever, Ilya and Vinyals, Oriol},
  journal={arXiv preprint arXiv:1409.2329},
  year={2014}
}

% batchnorm
@article{ioffe2015batch,
  title={Batch normalization: Accelerating deep network training by reducing internal covariate shift},
  author={Ioffe, Sergey and Szegedy, Christian},
  journal={arXiv preprint arXiv:1502.03167},
  year={2015}
}



























% %%%%%%%%%%%%%%%%%%%%%%%%%%%%%% original citation %%%%%%%%%%%%%%%%%%%%%%%%%%%%%%


@book{Gusfield:97,
    author  = {Dan Gusfield},
    title   = {Algorithms on Strings, Trees and Sequences},
    year    = "1997",
    publisher = {Cambridge University Press},
    address = {Cambridge, UK}
}

