@inproceedings{hu2018squeeze,
  title={Squeeze-and-excitation networks},
  author={Hu, Jie and Shen, Li and Sun, Gang},
  booktitle={Proceedings of the IEEE Conference on Computer Vision and Pattern Recognition},
  pages={7132--7141},
  year={2018}
}

@inproceedings{huang2019o2u,
  title={O2u-net: A simple noisy label detection approach for deep neural networks},
  author={Huang, Jinchi and Qu, Lie and Jia, Rongfei and Zhao, Binqiang},
  booktitle={Proceedings of the IEEE International Conference on Computer Vision},
  pages={3326--3334},
  year={2019}
}

@inproceedings{smith2017cyclical,
  title={Cyclical learning rates for training neural networks},
  author={Smith, Leslie N},
  booktitle={Proceedings of the IEEE Winter Conference on Applications of Computer Vision},
  pages={464--472},
  year={2017},
  organization={IEEE}
}

@inproceedings{patrini2017making,
  title={Making deep neural networks robust to label noise: A loss correction approach},
  author={Patrini, Giorgio and Rozza, Alessandro and Krishna Menon, Aditya and Nock, Richard and Qu, Lizhen},
  booktitle={Proceedings of the IEEE conference on computer vision and pattern recognition},
  pages={1944--1952},
  year={2017}
}

@article{mikolov2013efficient,
  title={Efficient estimation of word representations in vector space},
  author={Mikolov, Tomas and Chen, Kai and Corrado, Greg and Dean, Jeffrey},
  journal={arXiv preprint arXiv:1301.3781},
  year={2013}
}

@article{krizhevsky2009learning,
  title={Learning multiple layers of features from tiny images},
  author={Krizhevsky, Alex and Hinton, Geoffrey and others},
  year={2009},
  publisher={Citeseer}
}

@InProceedings{10.1007/978-3-319-10602-1_48,
author="Lin, Tsung-Yi
and Maire, Michael
and Belongie, Serge
and Hays, James
and Perona, Pietro
and Ramanan, Deva
and Doll{\'a}r, Piotr
and Zitnick, C. Lawrence",
editor="Fleet, David
and Pajdla, Tomas
and Schiele, Bernt
and Tuytelaars, Tinne",
title="Microsoft COCO: Common Objects in Context",
booktitle="Proceedings of the European Conference on Computer Vision",
year="2014",
pages="740--755"
}


@inproceedings{simonyan2014very,
  author    = {Karen Simonyan and
               Andrew Zisserman},
  title     = {Very Deep Convolutional Networks for Large-Scale Image Recognition},
  booktitle = {Proceedings of the International Conference on Learning Representations},
  year      = {2015},
}

@INPROCEEDINGS{5206848,
  author={Deng, Jia and Dong, Wei and Socher, Richard and Li, Li-Jia and Kai Li and Li Fei-Fei},
  booktitle={Proceedings of the IEEE Conference on Computer Vision and Pattern Recognition}, 
  title={ImageNet: A large-scale hierarchical image database}, 
  year={2009},
  pages={248-255}}

@inproceedings{he2016deep,
  title={Deep residual learning for image recognition},
  author={He, Kaiming and Zhang, Xiangyu and Ren, Shaoqing and Sun, Jian},
  booktitle={Proceedings of the IEEE Conference on Computer Vision and Pattern Recognition},
  pages={770--778},
  year={2016}
}

@inproceedings{shrivastava2016training,
  title={Training region-based object detectors with online hard example mining},
  author={Shrivastava, Abhinav and Gupta, Abhinav and Girshick, Ross},
  booktitle={Proceedings of the IEEE conference on computer vision and pattern recognition},
  pages={761--769},
  year={2016}
}

@inproceedings{huang2016learning,
  title={Learning deep representation for imbalanced classification},
  author={Huang, Chen and Li, Yining and Loy, Chen Change and Tang, Xiaoou},
  booktitle={Proceedings of the IEEE conference on Computer Vision and Pattern Recognition},
  pages={5375--5384},
  year={2016}
}

@inproceedings{wang2017learning,
  title={Learning to model the tail},
  author={Wang, Yu-Xiong and Ramanan, Deva and Hebert, Martial},
  booktitle={Proceedings of the International Conference on Neural Information Processing Systems},
  pages={7032--7042},
  year={2017}
}

@inproceedings{mahajan2018exploring,
  title={Exploring the limits of weakly supervised pretraining},
  author={Mahajan, Dhruv and Girshick, Ross and Ramanathan, Vignesh and He, Kaiming and Paluri, Manohar and Li, Yixuan and Bharambe, Ashwin and Van Der Maaten, Laurens},
  booktitle={Proceedings of the European Conference on Computer Vision},
  pages={181--196},
  year={2018}
}

@inproceedings{mikolov2013distributed,
 author = {Mikolov, Tomas and Sutskever, Ilya and Chen, Kai and Corrado, Greg S and Dean, Jeff},
 booktitle = {Proceedings of the International Conference on Neural Information Processing Systems},
 title = {Distributed Representations of Words and Phrases and their Compositionality},
 year = {2013}
}


@incollection{NEURIPS2019_9015,
title = {PyTorch: An Imperative Style, High-Performance Deep Learning Library},
author = {Paszke, Adam and Gross, Sam and Massa, Francisco and Lerer, Adam and Bradbury, James and Chanan, Gregory and Killeen, Trevor and Lin, Zeming and Gimelshein, Natalia and Antiga, Luca and Desmaison, Alban and Kopf, Andreas and Yang, Edward and DeVito, Zachary and Raison, Martin and Tejani, Alykhan and Chilamkurthy, Sasank and Steiner, Benoit and Fang, Lu and Bai, Junjie and Chintala, Soumith},
booktitle = {Proceedings of the International Conference on Neural Information Processing Systems},
pages = {8024--8035},
year = {2019},
}

    
@InProceedings{xiao2015learning,
author = {Xiao, Tong and Xia, Tian and Yang, Yi and Huang, Chang and Wang, Xiaogang},
title = {Learning From Massive Noisy Labeled Data for Image Classification},
booktitle = {Proceedings of the IEEE Conference on Computer Vision and Pattern Recognition},
year = {2015}
}

@inproceedings{lin2017focal,
  title={Focal loss for dense object detection},
  author={Lin, Tsung-Yi and Goyal, Priya and Girshick, Ross and He, Kaiming and Doll{\'a}r, Piotr},
  booktitle={Proceedings of the IEEE International Conference on Computer Vision},
  pages={2980--2988},
  year={2017}
}


@article{zhang2016understanding,
author = {Zhang, Chiyuan and Bengio, Samy and Hardt, Moritz and Recht, Benjamin and Vinyals, Oriol},
title = {Understanding Deep Learning (Still) Requires Rethinking Generalization},
year = {2021},
issue_date = {March 2021},
publisher = {Association for Computing Machinery},
volume = {64},
number = {3},
journal = {Commun. ACM},
month = feb,
pages = {107â€“115},
numpages = {9}
}



@article{he2009learning,
  title={Learning from imbalanced data},
  author={He, Haibo and Garcia, Edwardo A},
  journal={IEEE Transactions on Knowledge and Data Engineering},
  volume={21},
  number={9},
  pages={1263--1284},
  year={2009}
}

@inproceedings{shu2019meta,
  title={Meta-Weight-Net: Learning an Explicit Mapping For Sample Weighting},
  author={Shu, Jun and Xie, Qi and Yi, Lixuan and Zhao, Qian and Zhou, Sanping and Xu, Zongben and Meng, Deyu},
  booktitle={Proceedings of the International Conference on Neural Information Processing Systems},
  year={2019}
}

@inproceedings{kang2019decoupling,
  title={Decoupling Representation and Classifier for Long-Tailed Recognition},
  author={Kang, Bingyi and Xie, Saining and Rohrbach, Marcus and Yan, Zhicheng and Gordo, Albert and Feng, Jiashi and Kalantidis, Yannis},
  booktitle={Proceedings of the International Conference on Learning Representations},
  year={2019}
}

@inproceedings{liu2019large,
  title={Large-scale long-tailed recognition in an open world},
  author={Liu, Ziwei and Miao, Zhongqi and Zhan, Xiaohang and Wang, Jiayun and Gong, Boqing and Yu, Stella X},
  booktitle={Proceedings of the IEEE Conference on Computer Vision and Pattern Recognition},
  pages={2537--2546},
  year={2019}
}

@inproceedings{zhang2017range,
  title={Range loss for deep face recognition with long-tailed training data},
  author={Zhang, Xiao and Fang, Zhiyuan and Wen, Yandong and Li, Zhifeng and Qiao, Yu},
  booktitle={Proceedings of the IEEE International Conference on Computer Vision},
  pages={5409--5418},
  year={2017}
}

@inproceedings{tan2020equalization,
  title={Equalization loss for long-tailed object recognition},
  author={Tan, Jingru and Wang, Changbao and Li, Buyu and Li, Quanquan and Ouyang, Wanli and Yin, Changqing and Yan, Junjie},
  booktitle={Proceedings of the IEEE Conference on Computer Vision and Pattern Recognition},
  pages={11662--11671},
  year={2020}
}

@inproceedings{cui2019class,
  title={Class-balanced loss based on effective number of samples},
  author={Cui, Yin and Jia, Menglin and Lin, Tsung-Yi and Song, Yang and Belongie, Serge},
  booktitle={Proceedings of the IEEE Conference on Computer Vision and Pattern Recognition},
  pages={9268--9277},
  year={2019}
}

@inproceedings{jiang2018mentornet,
  title={Mentornet: Learning data-driven curriculum for very deep neural networks on corrupted labels},
  author={Jiang, Lu and Zhou, Zhengyuan and Leung, Thomas and Li, Li-Jia and Fei-Fei, Li},
  booktitle={International Conference on Machine Learning},
  pages={2304--2313},
  year={2018}
}

@inproceedings{kumar2010self,
  title={Self-Paced Learning for Latent Variable Models.},
  author={Kumar, M Pawan and Packer, Benjamin and Koller, Daphne},
  booktitle={Proceedings of the International Conference on Neural Information Processing Systems},
  volume={1},
  pages={2},
  year={2010}
}

@article{freund1997decision,
  title={A decision-theoretic generalization of on-line learning and an application to boosting},
  author={Freund, Yoav and Schapire, Robert E},
  journal={Journal of computer and system sciences},
  volume={55},
  number={1},
  pages={119--139},
  year={1997},
  publisher={Elsevier}
}

@inproceedings{malisiewicz2011ensemble,
  title={Ensemble of exemplar-svms for object detection and beyond},
  author={Malisiewicz, Tomasz and Gupta, Abhinav and Efros, Alexei A},
  booktitle={Proceedings of the International Conference on Computer Vision},
  pages={89--96},
  year={2011},
}

@inproceedings{dong2017class,
  title={Class rectification hard mining for imbalanced deep learning},
  author={Dong, Qi and Gong, Shaogang and Zhu, Xiatian},
  booktitle={Proceedings of the IEEE International Conference on Computer Vision},
  pages={1851--1860},
  year={2017}
}

@inproceedings{cui2018large,
  title={Large scale fine-grained categorization and domain-specific transfer learning},
  author={Cui, Yin and Song, Yang and Sun, Chen and Howard, Andrew and Belongie, Serge},
  booktitle={Proceedings of the IEEE Conference on Computer Vision and Pattern Recognition},
  pages={4109--4118},
  year={2018}
}

@inproceedings{finn2017model,
  title={Model-agnostic meta-learning for fast adaptation of deep networks},
  author={Finn, Chelsea and Abbeel, Pieter and Levine, Sergey},
  booktitle={International Conference on Machine Learning},
  pages={1126--1135},
  year={2017},
  organization={PMLR}
}


@inproceedings{antoniou2018train,
  author    = {Antreas Antoniou and
               Harrison Edwards and
               Amos J. Storkey},
  title     = {How to train your {MAML}},
  booktitle = {International Conference on Learning Representations},
  year      = {2019}
}

@inproceedings{cao2019learning,
 author = {Cao, Kaidi and Wei, Colin and Gaidon, Adrien and Arechiga, Nikos and Ma, Tengyu},
 booktitle = {Proceedings of the International Conference on Neural Information Processing Systems},
 pages = {},
 title = {Learning Imbalanced Datasets with Label-Distribution-Aware Margin Loss},
 url = {https://proceedings.neurips.cc/paper/2019/file/621461af90cadfdaf0e8d4cc25129f91-Paper.pdf},
 volume = {32},
 year = {2019}
}

@article{li2017meta,
  title={Meta-sgd: Learning to learn quickly for few-shot learning},
  author={Li, Zhenguo and Zhou, Fengwei and Chen, Fei and Li, Hang},
  journal={arXiv preprint arXiv:1707.09835},
  year={2017}
}

@article{shu2018small,
  title={Small sample learning in big data era},
  author={Shu, Jun and Xu, Zongben and Meng, Deyu},
  journal={arXiv preprint arXiv:1808.04572},
  year={2018}
}

@inproceedings{ravi2016optimization,
  author    = {Sachin Ravi and
               Hugo Larochelle},
  title     = {Optimization as a Model for Few-Shot Learning},
  booktitle = {International Conference on Learning Representations},
  year      = {2017},
}

@inproceedings{ren2018learning,
  title={Learning to reweight examples for robust deep learning},
  author={Ren, Mengye and Zeng, Wenyuan and Yang, Bin and Urtasun, Raquel},
  booktitle={International Conference on Machine Learning},
  pages={4334--4343},
  year={2018}
}

@inproceedings{dehghani2018fidelity,
  title={Fidelity-Weighted Learning},
  author={Dehghani, M and Mehrjou, A and Gouws, S and Kamps, J and Sch{\"o}lkopf, B},
  booktitle={International Conference on Learning Representations (ICLR 2018)},
  year={2018},
  organization={OpenReview. net}
}

@inproceedings{wu2018learning,
  title={Learning to Teach with Dynamic Loss Functions},
  author={Wu, Lijun and Tian, Fei and Xia, Yingce and Fan, Yang and Qin, Tao and Lai, Jian-Huang and Liu, Tie-Yan},
  booktitle={Proceedings of the International Conference on  Neural Information Processing Systems},
  year={2018}
}

@inproceedings{jiang2014easy,
  title={Easy samples first: Self-paced reranking for zero-example multimedia search},
  author={Jiang, Lu and Meng, Deyu and Mitamura, Teruko and Hauptmann, Alexander G},
  booktitle={Proceedings of the 22nd ACM International Conference on Multimedia},
  pages={547--556},
  year={2014}
}

@inproceedings{jiang2014self,
  title={Self-paced learning with diversity},
  author={Jiang, Lu and Meng, Deyu and Yu, Shoou-I and Lan, Zhenzhong and Shan, Shiguang and Hauptmann, Alexander},
  booktitle={Proceedings of the International Conference on Neural Information Processing Systems},
  pages={2078--2086},
  year={2014}
}

@article{zhang2018generalized,
  title={Generalized cross entropy loss for training deep neural networks with noisy labels},
  author={Zhang, Zhilu and Sabuncu, Mert R},
  journal={arXiv preprint arXiv:1805.07836},
  year={2018}
}

@article{de2003framework,
  title={A framework for robust subspace learning},
  author={De La Torre, Fernando and Black, Michael J},
  journal={International Journal of Computer Vision},
  volume={54},
  number={1},
  pages={117--142},
  year={2003},
  publisher={Springer}
}

@inproceedings{bengio2009curriculum,
  title={Curriculum learning},
  author={Bengio, Yoshua and Louradour, J{\'e}r{\^o}me and Collobert, Ronan and Weston, Jason},
  booktitle={Proceedings of the International Conference on Machine Learning},
  pages={41--48},
  year={2009}
}

@inproceedings{pi2016self,
  title={Self-paced boost learning for classification},
  author={Pi, Te and Li, Xi and Zhang, Zhongfei and Meng, Deyu and Wu, Fei and Xiao, Jun and Zhuang, Yueting},
  booktitle={Proceedings of the International Joint Conference on Artificial Intelligence},
  pages={1932--1938},
  year={2016}
}

@article{brooks2011support,
  title={Support vector machines with the ramp loss and the hard margin loss},
  author={Brooks, J Paul},
  journal={Operations research},
  volume={59},
  number={2},
  pages={467--479},
  year={2011},
  publisher={INFORMS}
}

@inproceedings{masnadi2008design,
 author = {Masnadi-shirazi, Hamed and Vasconcelos, Nuno},
 booktitle = {Proceedings of the International Conference on  Neural Information Processing Systems},
 title = {On the Design of Loss Functions for Classification: theory, robustness to outliers, and SavageBoost},
 url = {https://proceedings.neurips.cc/paper/2008/file/f5deaeeae1538fb6c45901d524ee2f98-Paper.pdf},
 year = {2009}
}

@inproceedings{van2015learning,
  title={Learning with Symmetric Label Noise: The Importance of Being Unhinged},
  author={van Rooyen, Brendan and Menon, Aditya Krishna and Williamson, Robert C},
  booktitle={Proceedings of the International Conference on  Neural Information Processing Systems},
  year={2015}
}

@inproceedings{hendrycks2018using,
  title={Using Trusted Data to Train Deep Networks on Labels Corrupted by Severe Noise},
  author={Hendrycks, Dan and Mazeika, Mantas and Wilson, Duncan and Gimpel, Kevin},
  booktitle={Proceedings of the International Conference on  Neural Information Processing Systems},
  year={2018}
}

@inproceedings{han2018co,
  title={Co-teaching: Robust Training of Deep Neural Networks with Extremely Noisy Labels},
  author={Han, B and Yao, Q and Yu, X and Niu, G and Xu, M and Hu, W and Tsang, IW and Sugiyama, M},
  booktitle={Proceedings of the International Conference on   Neural Information Processing Systems},
  year={2018},
}

@inproceedings{goldberger2016training,
  author    = {Jacob Goldberger and
               Ehud Ben{-}Reuven},
  title     = {Training deep neural-networks using a noise adaptation layer},
  booktitle = {International Conference on Learning Representations},
  year      = {2017}
}

@article{reed2014training,
  title={Training deep neural networks on noisy labels with bootstrapping},
  author={Reed, Scott and Lee, Honglak and Anguelov, Dragomir and Szegedy, Christian and Erhan, Dumitru and Rabinovich, Andrew},
  journal={arXiv preprint arXiv:1412.6596},
  year={2014}
}

@inproceedings{ma2018dimensionality,
  title={Dimensionality-driven learning with noisy labels},
  author={Ma, Xingjun and Wang, Yisen and Houle, Michael E and Zhou, Shuo and Erfani, Sarah and Xia, Shutao and Wijewickrema, Sudanthi and Bailey, James},
  booktitle={Proceedings of the International Conference on Machine Learning},
  pages={3355--3364},
  year={2018},
}

@inproceedings{lee2018cleannet,
  title={Cleannet: Transfer learning for scalable image classifier training with label noise},
  author={Lee, Kuang-Huei and He, Xiaodong and Zhang, Lei and Yang, Linjun},
  booktitle={CVPR},
  year={2018}
}
