@inproceedings{hu2018squeeze,
  title={Squeeze-and-excitation networks},
  author={Hu, Jie and Shen, Li and Sun, Gang},
  booktitle={CVPR},
  year={2018}
}

@inproceedings{huang2019o2u,
  title={O2u-net: A simple noisy label detection approach for deep neural networks},
  author={Huang, Jinchi and Qu, Lie and Jia, Rongfei and Zhao, Binqiang},
  booktitle={ICCV},
  year={2019}
}

@inproceedings{smith2017cyclical,
  title={Cyclical learning rates for training neural networks},
  author={Smith, Leslie N},
  booktitle={WACV},
  year={2017},
}

@article{krizhevsky2009learning,
  title={Learning multiple layers of features from tiny images},
  author={Krizhevsky, Alex and Hinton, Geoffrey and others},
  year={2009},
  publisher={Citeseer}
}

@InProceedings{10.1007/978-3-319-10602-1_48,
author="Lin, Tsung-Yi
and Maire, Michael
and Belongie, Serge
and Hays, James
and Perona, Pietro
and Ramanan, Deva
and Doll{\'a}r, Piotr
and Zitnick, C. Lawrence",
title="Microsoft COCO: Common Objects in Context",
booktitle="ECCV",
year="2014",
}


@inproceedings{simonyan2014very,
  author    = {Karen Simonyan and
               Andrew Zisserman},
  title     = {Very Deep Convolutional Networks for Large-Scale Image Recognition},
  booktitle = {ICLR},
  year      = {2015},
}

@INPROCEEDINGS{5206848,
  author={Deng, Jia and Dong, Wei and Socher, Richard and Li, Li-Jia and Kai Li and Li Fei-Fei},
  booktitle={CVPR}, 
  title={ImageNet: A large-scale hierarchical image database}, 
  year={2009}}

@inproceedings{he2016deep,
  title={Deep residual learning for image recognition},
  author={He, Kaiming and Zhang, Xiangyu and Ren, Shaoqing and Sun, Jian},
  booktitle={CVPR},
  year={2016}
}

@inproceedings{shrivastava2016training,
  title={Training region-based object detectors with online hard example mining},
  author={Shrivastava, Abhinav and Gupta, Abhinav and Girshick, Ross},
  booktitle={CVPR},
  year={2016}
}

@inproceedings{huang2016learning,
  title={Learning deep representation for imbalanced classification},
  author={Huang, Chen and Li, Yining and Loy, Chen Change and Tang, Xiaoou},
  booktitle={CVPR},
  year={2016}
}

@inproceedings{wang2017learning,
  title={Learning to model the tail},
  author={Wang, Yu-Xiong and Ramanan, Deva and Hebert, Martial},
  booktitle={NeurIPS},
  year={2017}
}

@inproceedings{mahajan2018exploring,
  title={Exploring the limits of weakly supervised pretraining},
  author={Mahajan, Dhruv and Girshick, Ross and Ramanathan, Vignesh and He, Kaiming and Paluri, Manohar and Li, Yixuan and Bharambe, Ashwin and Van Der Maaten, Laurens},
  booktitle={ECCV},
  year={2018}
}

@inproceedings{mikolov2013distributed,
 author = {Mikolov, Tomas and Sutskever, Ilya and Chen, Kai and Corrado, Greg S and Dean, Jeff},
 booktitle = {NeurIPS},
 title = {Distributed Representations of Words and Phrases and their Compositionality},
 year = {2013}
}


@incollection{NEURIPS2019_9015,
title = {PyTorch: An Imperative Style, High-Performance Deep Learning Library},
author = {Paszke, Adam and Gross, Sam and Massa, Francisco and Lerer, Adam and Bradbury, James and Chanan, Gregory and Killeen, Trevor and Lin, Zeming and Gimelshein, Natalia and Antiga, Luca and Desmaison, Alban and Kopf, Andreas and Yang, Edward and DeVito, Zachary and Raison, Martin and Tejani, Alykhan and Chilamkurthy, Sasank and Steiner, Benoit and Fang, Lu and Bai, Junjie and Chintala, Soumith},
booktitle = {NeurIPS},
year = {2019},
}

    
@InProceedings{xiao2015learning,
author = {Xiao, Tong and Xia, Tian and Yang, Yi and Huang, Chang and Wang, Xiaogang},
title = {Learning From Massive Noisy Labeled Data for Image Classification},
booktitle = {CVPR},
year = {2015}
}

@inproceedings{lin2017focal,
  title={Focal loss for dense object detection},
  author={Lin, Tsung-Yi and Goyal, Priya and Girshick, Ross and He, Kaiming and Doll{\'a}r, Piotr},
  booktitle={ICCV},
  year={2017}
}


@article{zhang2016understanding,
author = {Zhang, Chiyuan and Bengio, Samy and Hardt, Moritz and Recht, Benjamin and Vinyals, Oriol},
title = {Understanding Deep Learning (Still) Requires Rethinking Generalization},
year = {2021},
issue_date = {March 2021},
volume = {64},
number = {3},
journal = {Commun. ACM},
month = feb,
pages = {107â€“115},
numpages = {9}
}



@article{he2009learning,
  title={Learning from imbalanced data},
  author={He, Haibo and Garcia, Edwardo A},
  journal={IEEE Transactions on Knowledge and Data Engineering},
  volume={21},
  number={9},
  pages={1263--1284},
  year={2009}
}

@inproceedings{li2019learning,
  title={Learning to learn from noisy labeled data},
  author={Li, Junnan and Wong, Yongkang and Zhao, Qi and Kankanhalli, Mohan S},
  booktitle={CVPR},
  year={2019}
}

@inproceedings{shu2019meta,
  title={Meta-Weight-Net: Learning an Explicit Mapping For Sample Weighting},
  author={Shu, Jun and Xie, Qi and Yi, Lixuan and Zhao, Qian and Zhou, Sanping and Xu, Zongben and Meng, Deyu},
  booktitle={NeurIPS},
  year={2019}
}

@inproceedings{kang2019decoupling,
  title={Decoupling Representation and Classifier for Long-Tailed Recognition},
  author={Kang, Bingyi and Xie, Saining and Rohrbach, Marcus and Yan, Zhicheng and Gordo, Albert and Feng, Jiashi and Kalantidis, Yannis},
  booktitle={ICLR},
  year={2019}
}

@inproceedings{liu2019large,
  title={Large-scale long-tailed recognition in an open world},
  author={Liu, Ziwei and Miao, Zhongqi and Zhan, Xiaohang and Wang, Jiayun and Gong, Boqing and Yu, Stella X},
  booktitle={CVPR},
  year={2019}
}

@inproceedings{zhang2017range,
  title={Range loss for deep face recognition with long-tailed training data},
  author={Zhang, Xiao and Fang, Zhiyuan and Wen, Yandong and Li, Zhifeng and Qiao, Yu},
  booktitle={ICCV},
  year={2017}
}

@inproceedings{tan2020equalization,
  title={Equalization loss for long-tailed object recognition},
  author={Tan, Jingru and Wang, Changbao and Li, Buyu and Li, Quanquan and Ouyang, Wanli and Yin, Changqing and Yan, Junjie},
  booktitle={CVPR},
  year={2020}
}

@inproceedings{cui2019class,
  title={Class-balanced loss based on effective number of samples},
  author={Cui, Yin and Jia, Menglin and Lin, Tsung-Yi and Song, Yang and Belongie, Serge},
  booktitle={CVPR},
  year={2019}
}

@inproceedings{jiang2018mentornet,
  title={Mentornet: Learning data-driven curriculum for very deep neural networks on corrupted labels},
  author={Jiang, Lu and Zhou, Zhengyuan and Leung, Thomas and Li, Li-Jia and Fei-Fei, Li},
  booktitle={ICML},
  year={2018}
}

@inproceedings{kumar2010self,
  title={Self-Paced Learning for Latent Variable Models.},
  author={Kumar, M Pawan and Packer, Benjamin and Koller, Daphne},
  booktitle={NeurIPS},
  year={2010}
}

@article{freund1997decision,
  title={A decision-theoretic generalization of on-line learning and an application to boosting},
  author={Freund, Yoav and Schapire, Robert E},
  journal={Journal of computer and system sciences},
  volume={55},
  number={1},
  pages={119--139},
  year={1997}
}

@inproceedings{malisiewicz2011ensemble,
  title={Ensemble of exemplar-svms for object detection and beyond},
  author={Malisiewicz, Tomasz and Gupta, Abhinav and Efros, Alexei A},
  booktitle={ICCV},
  year={2011},
}

@inproceedings{dong2017class,
  title={Class rectification hard mining for imbalanced deep learning},
  author={Dong, Qi and Gong, Shaogang and Zhu, Xiatian},
  booktitle={ICCV},
  year={2017}
}

@inproceedings{cui2018large,
  title={Large scale fine-grained categorization and domain-specific transfer learning},
  author={Cui, Yin and Song, Yang and Sun, Chen and Howard, Andrew and Belongie, Serge},
  booktitle={CVPR},
  year={2018}
}

@inproceedings{finn2017model,
  title={Model-agnostic meta-learning for fast adaptation of deep networks},
  author={Finn, Chelsea and Abbeel, Pieter and Levine, Sergey},
  booktitle={ICML},
  year={2017},
}


@inproceedings{antoniou2018train,
  author    = {Antreas Antoniou and
               Harrison Edwards and
               Amos J. Storkey},
  title     = {How to train your MAML},
  booktitle = {ICLR},
  year      = {2019}
}

@inproceedings{cao2019learning,
 author = {Cao, Kaidi and Wei, Colin and Gaidon, Adrien and Arechiga, Nikos and Ma, Tengyu},
 booktitle = {NeurIPS},
 title = {Learning Imbalanced Datasets with Label-Distribution-Aware Margin Loss},
 year = {2019}
}

@article{li2017meta,
  title={Meta-sgd: Learning to learn quickly for few-shot learning},
  author={Li, Zhenguo and Zhou, Fengwei and Chen, Fei and Li, Hang},
  journal={arXiv preprint arXiv:1707.09835},
  year={2017}
}

@article{shu2018small,
  title={Small sample learning in big data era},
  author={Shu, Jun and Xu, Zongben and Meng, Deyu},
  journal={arXiv preprint arXiv:1808.04572},
  year={2018}
}

@inproceedings{ravi2016optimization,
  author    = {Sachin Ravi and
               Hugo Larochelle},
  title     = {Optimization as a Model for Few-Shot Learning},
  booktitle = {IICLR},
  year      = {2017},
}

@inproceedings{ren2018learning,
  title={Learning to reweight examples for robust deep learning},
  author={Ren, Mengye and Zeng, Wenyuan and Yang, Bin and Urtasun, Raquel},
  booktitle={ICML},
  year={2018}
}

@inproceedings{dehghani2018fidelity,
  title={Fidelity-Weighted Learning},
  author={Dehghani, M and Mehrjou, A and Gouws, S and Kamps, J and Sch{\"o}lkopf, B},
  booktitle={ICLR},
  year={2018},
}

@inproceedings{wu2018learning,
  title={Learning to Teach with Dynamic Loss Functions},
  author={Wu, Lijun and Tian, Fei and Xia, Yingce and Fan, Yang and Qin, Tao and Lai, Jian-Huang and Liu, Tie-Yan},
  booktitle={NeurIPS},
  year={2018}
}

@inproceedings{jiang2014easy,
  title={Easy samples first: Self-paced reranking for zero-example multimedia search},
  author={Jiang, Lu and Meng, Deyu and Mitamura, Teruko and Hauptmann, Alexander G},
  booktitle={ACM MM},
  year={2014}
}

@inproceedings{jiang2014self,
  title={Self-paced learning with diversity},
  author={Jiang, Lu and Meng, Deyu and Yu, Shoou-I and Lan, Zhenzhong and Shan, Shiguang and Hauptmann, Alexander},
  booktitle={NeurIPS},
  year={2014}
}

@article{zhang2018generalized,
  title={Generalized cross entropy loss for training deep neural networks with noisy labels},
  author={Zhang, Zhilu and Sabuncu, Mert R},
  journal={arXiv preprint arXiv:1805.07836},
  year={2018}
}

@article{de2003framework,
  title={A framework for robust subspace learning},
  author={De La Torre, Fernando and Black, Michael J},
  journal={International Journal of Computer Vision},
  volume={54},
  number={1},
  pages={117--142},
  year={2003},
}

@inproceedings{bengio2009curriculum,
  title={Curriculum learning},
  author={Bengio, Yoshua and Louradour, J{\'e}r{\^o}me and Collobert, Ronan and Weston, Jason},
  booktitle={ICML},
  year={2009}
}

@inproceedings{pi2016self,
  title={Self-paced boost learning for classification},
  author={Pi, Te and Li, Xi and Zhang, Zhongfei and Meng, Deyu and Wu, Fei and Xiao, Jun and Zhuang, Yueting},
  booktitle={IJCAI},
  year={2016}
}

@article{brooks2011support,
  title={Support vector machines with the ramp loss and the hard margin loss},
  author={Brooks, J Paul},
  journal={Operations research},
  volume={59},
  number={2},
  pages={467--479},
  year={2011},
}

@inproceedings{cao2020heteroskedastic,
  title={Heteroskedastic and imbalanced deep learning with adaptive regularization},
  author={Cao, Kaidi and Chen, Yining and Lu, Junwei and Arechiga, Nikos and Gaidon, Adrien and Ma, Tengyu},
  booktitle={ICLR}, 
  year={2021} 
}

@inproceedings{Xu2021FaMUS,
  author    = {Xu, Youjiang and Zhu, Linchao and Jiang, Lu and Yang, Yi },
  title     = {Faster Meta Update Strategy for Noise-Robust Deep Learning},
  booktitle = {CVPR},
  year      = {2021},
}

@inproceedings{masnadi2008design,
 author = {Masnadi-shirazi, Hamed and Vasconcelos, Nuno},
 booktitle = {NeurIPS},
 title = {On the Design of Loss Functions for Classification: theory, robustness to outliers, and SavageBoost},
 year = {2009}
}

@inproceedings{van2015learning,
  title={Learning with Symmetric Label Noise: The Importance of Being Unhinged},
  author={van Rooyen, Brendan and Menon, Aditya Krishna and Williamson, Robert C},
  booktitle={NeurIPS},
  year={2015}
}

@inproceedings{hendrycks2018using,
  title={Using Trusted Data to Train Deep Networks on Labels Corrupted by Severe Noise},
  author={Hendrycks, Dan and Mazeika, Mantas and Wilson, Duncan and Gimpel, Kevin},
  booktitle={NeurIPS},
  year={2018}
}

@inproceedings{han2018co,
  title={Co-teaching: Robust Training of Deep Neural Networks with Extremely Noisy Labels},
  author={Han, B and Yao, Q and Yu, X and Niu, G and Xu, M and Hu, W and Tsang, IW and Sugiyama, M},
  booktitle={NeurIPS},
  year={2018},
}

@inproceedings{goldberger2016training,
  author    = {Jacob Goldberger and
               Ehud Ben{-}Reuven},
  title     = {Training deep neural-networks using a noise adaptation layer},
  booktitle = {ICLR},
  year      = {2017}
}

@inproceedings{tanaka2018joint,
  title={Joint optimization framework for learning with noisy labels},
  author={Tanaka, Daiki and Ikami, Daiki and Yamasaki, Toshihiko and Aizawa, Kiyoharu},
  booktitle={CVPR},
  year={2018}
}

@article{reed2014training,
  title={Training deep neural networks on noisy labels with bootstrapping},
  author={Reed, Scott and Lee, Honglak and Anguelov, Dragomir and Szegedy, Christian and Erhan, Dumitru and Rabinovich, Andrew},
  journal={arXiv preprint arXiv:1412.6596},
  year={2014}
}

@inproceedings{yao2019safeguarded,
  title={Safeguarded dynamic label regression for noisy supervision},
  author={Yao, Jiangchao and Wu, Hao and Zhang, Ya and Tsang, Ivor W and Sun, Jun},
  booktitle={AAAI},
  year={2019}
}

@inproceedings{ma2018dimensionality,
  title={Dimensionality-driven learning with noisy labels},
  author={Ma, Xingjun and Wang, Yisen and Houle, Michael E and Zhou, Shuo and Erfani, Sarah and Xia, Shutao and Wijewickrema, Sudanthi and Bailey, James},
  booktitle={ICML},
  year={2018},
}

@inproceedings{patrini2017making,
  title={Making deep neural networks robust to label noise: A loss correction approach},
  author={Patrini, Giorgio and Rozza, Alessandro and Krishna Menon, Aditya and Nock, Richard and Qu, Lizhen},
  booktitle={Proceedings of the IEEE conference on computer vision and pattern recognition},
  year={2017}
}

@inproceedings{lee2018cleannet,
  title={Cleannet: Transfer learning for scalable image classifier training with label noise},
  author={Lee, Kuang-Huei and He, Xiaodong and Zhang, Lei and Yang, Linjun},
  booktitle={CVPR},
  year={2018}
}

@inproceedings{han2019deep,
  title={Deep self-learning from noisy labels},
  author={Han, Jiangfan and Luo, Ping and Wang, Xiaogang},
  booktitle={ICCV},
  year={2019}
}

@inproceedings{zhang2020distilling,
  title={Distilling effective supervision from severe label noise},
  author={Zhang, Zizhao and Zhang, Han and Arik, Sercan O and Lee, Honglak and Pfister, Tomas},
  booktitle={CVPR},
  year={2020}
}

@inproceedings{zhang2019metacleaner,
  title={Metacleaner: Learning to hallucinate clean representations for noisy-labeled visual recognition},
  author={Zhang, Weihe and Wang, Yali and Qiao, Yu},
  booktitle={CVPR},
  year={2019}
}