%\begin{thebibliography}{1}
%\setlength\itemsep{-0.1em}

@article{buhlcred,
    author={Atkinson, D. B.},
    year={2019},
    title={Credibility Methods Applied to Life, Health, and Pensions: Credibility Applications for Life and Health 
Insurers and Pension Plans},
    journal={Society of Actuaries},
    volume={},
    issue={}
}

@book{GrpInsur,
    author={Bluhm, W.F. and Skwire, D.D.; and Kaczmarek, S.J.; and Bohn, K.M.},
    year={2007},
    title={Group Insurance 6th Edition},
    publisher={ACTEX Publications, Inc.},
}

@article{EmpDropESIACA,
    author={Buchmueller, T. and Carey, C.; and Levy, H.G.},
    year={2013},
    title={Will employers drop Health Insurance Coverage because of the Affordable Care Act?},
    journal={Health Affairs},
    volume={32},
    issue={9},
    pages={1522-30}
}

@techreport{CBOesi,
    author={Fritzsche, F.; McNellis, K.; and Emily Vreeland, E.},
    year={2019},
    title={Congressional Budget Office: Federal Subsidies for Health Insurance Coverage for People Under Age 65: 2019 to 2029},
    institution={Congressional Budget Office}
}

@techreport{GrowEmpInt,
    author={Finn, P. and Gupta, A.; and Lin, S.; and Onitskansky, E.},
    year={2017},
    title={Growing employer interest in innovative ways to control healthcare costs},
    institution={Dept. of Healthcare Systems and Services, McKinsey \& Company},
}
@article{gini,
    author={Frees, E.W and Meyers, G.; and Cummings, A. D.},
    year={2011},
    title={Summarizing Insurance Scores Using a Gini Index},
    journal={Journal of the American Statistical Association},
    volume={106},
    issue={495},
    pages={1085-1098}
}

@article{scalable,
    author={
    Rajkomar, A.; and Oren, E.; and Chen, K.; and Dai, A.; 
    and Hajaj, N.; and Hardt, M.; and Liu, P.; and Liu, X.;
    and Marcus, J.; and Sun, M.; and Sundberg, P.; and Yee, H.; 
    and Zhang, K.; and Zhang, Y.; and Flores, G.; and Duggan, G.;
    and Irvine, J.; and Le, Q.; and Litsch, K.; and Mossin, A.;
    and Tansuwan, J.; and Wang D.; and Wexler, J.; and Wilson, J.;
    and Ludwig, D.; and Volchenboum, S.; and Chou, K.; and Pearson, M.; Madabushi, S.; and Shah, N.; and Butte, A.; and Howell, M.; and Cui, C.; and Corrado G.; and Dean, J.},
    year={2018},
    title={Scalable and accurate deep learning with electronic health records},
    journal={Nature Digital Medicine},
    volume={1},
    issue={18},
}
% \smallskip \noindent \textit{Book with Multiple Authors}\\
% Engelmore, R., and Morgan, A. eds. 1986. \textit{Blackboard Systems.} Reading, Mass.: Addison-Wesley.

@article{,
    author={},
    year={},
    title={},
    journal={},
    volume={},
    issue={},
    pages={}
}

@article{xai,
    author={Rudin, C.},
    year={2019},
    title={Stop explaining black box machine learning models for high stakes decisions and use interpretable models instead},
    journal={Nature Machine Intelligence},
    volume={1},
    issue={},
    pages={206-215}
}

@techreport{LecNoteCred,
    author={Schmidli, H},
    year={2013},
    title={Lecture notes on Risk Theory},
    journal={Technical report - University of Cologne, Institute of Mathematics},
    url={https://web.archive.org/web/20130811041617/http://www.math.ku.dk/~schmidli/rt.pdf}
}

@article{SOACred,
    author={Atkinson, D},
    year={2019},
    title={Credibility Applications for Life and Health
Insurers and Pension Plans },
    journal={Society of Actuaries},
}

@techreport{CMSCred,
    author={Chaney, D.; and Limmer, K.; and Madison, A.; and Pelzer, B.; and von Funk, R.},
    year={2018},
    title={Centers for Medicare and Medicaid Office of the Actuary - Claims Credibility Guidelines},
    institution={Office of the Actuary, Centers for Medicaid and Medicare}
}
%url={https://www.cms.gov/Medicare/Health-Plans/MedicareAdvtgSpecRateStats/Downloads/ClaimsCredibilityGuidelines.pdf}

@article{DrugCost,
    author={Callaghan, B. and Reynolds, E.; and Banerjee, M.; and Kerber, K.; and Skolarus, L.; and Magliocco, B.; and  Esper, G.; and Burke, J 
},
    year={2019},
    title={Out-of-pocket costs are on the rise for commonly prescribed neurologic medications},
    journal={Neurology},
    volume={92},
    issue={22},
    pages={e2604-e2613}

}


@article{Shap,
    author={Lundberg, S. and Lee, S.},
    year={2017},
    title={A Unifed Approach to Interpreting Model Predictions},
    journal={Neural Information Processing Systems},
}

@article{kaggle,
    author={kaggle},
    title={kaggle},
    url={https://www.kaggle.com/},
}

@book{python,
    author={Guttag, John V.},
    year={2016},
    title={Introduction to Computation and Programming Using Python: With Application to Understanding Data},
    journal={MIT Press},
}

@article{RacialBias,
    author={Obermeyer, Z. and Powers, B.; and Vogeli, C.; and Mullainathan, S.},
    year={2019},
    title={Dissecting racial bias in an algorithm used to manage the health of populations},
    journal={Science},
    volume={366},
    issue={},
    pages={447-453}
}

@article{SOATrend,
    author={SOA},
    year={2017},
    title={Society of Actuaries: Pricing, Reserving and Forecasting Module},
    journal={Society of Actuaries - FSA Group and Health Track},
    pages={3}
}

@article{PrecRecall,
    author={Powers, D.M.W},
    year={2008},
    title={Evaluation: From Precision, Recall and F-Factor to ROC, Informedness, Markedness and Correlation},
    journal={Journal of Machine Learning Technologies},
    volume={2},
    issue={1},
    pages={37–63}
}

@article{CredGrpMed, 
    author={Fuhrer, C.}, 
    title={A Practical Approach to Assigning Credibility for Group Medical Insurance Pricing},
    journal={Society of Actuaries -- Health Section Research Committee},
    year={2015}
}

@article{AnaTransl, 
    author={Henke, N. and Levine, J.; and McInerney, P.},
    title={Analytics Translator: The new must-have role}, 
    journal={Harvard Business Review},
    year={2018}
}

@article{AccRisk,
    author={Hileman, G. and Steele, S.}, 
    title={Accuracy of Claims-Based Risk Scoring Model}, 
    journal={Society of Actuaries -- Health Section Research Committee},
    year={2016}
}

% @techreport{fundarr,
%     author={IBC}, 
%     title={Large Group Underwriting Guidelines}, 
%     year={2016},
%     institution={Underwriting Department, Independence Blue Cross}
% }

@techreport{EmpHealthBenefitsSurvey,
    author={Claxton, G.; and Rae, M.; and Damico, A.; and Young, G.; and McDermott, D.; and Whitmore, H.}, 
    title={Employer Health Benefits Survey},
    institution={Kaiser Family Foundation},
    year={2019}
}
%FIX
@article{LightGBM, 
    author={Ke, G. and Meng, Q.; and Finley, T.; and Wang, T.; and Chen, W.;
            and Ma, W.; and Ye, Q.; and Liu, T.},
    title={LightGBM: A Highly Efficient Gradient Boosting Decision Tree},
    journal={Neural Information Processing Systems},
    year={2017}
}

@techreport{USChallengeHCC, 
    author={Kirzinger, A. and Munana, C.; and Wu, B.; and Brodie, M.}, 
    title={Data Note: Americans’ Challenges with Health Care Costs},
    institution={Kaiser Family Foundation},
    year={2019}
}

@article{mngdcare,
    author={Lee, J. and Majerol, M.; and Burke, J.},
    title={Addressing the social determinants of health for Medicare and Medicaid enrollees},
    journal={Deloitte Insights: Centers for Government Insights and Health Solutions},
    year={2019}
}

@article{noisyclaims,
    author={Lee, C. H. and Yoon, H-J.}, 
    title={Medical big data: promise and challenges},
    journal={Kidney Res Clin Pract.},
    year={2017},
    volume={36},
    issue={1},
    pages={3-11}
}
%FIX
@article{PerGrpHealth, 
    author={Lyons, H.V. and Shaw, S. E.; and Kittredge, J.E.; and 
            Watson, G.; and Moran, J.; and Millman, R.}, 
    title={Persistency of Group Health Insurance}, 
    journal={Transactions of Society of Actuaries},
    year={1961},
    volume={13},
    issue={2}
}

%@article{fortune,
%    author={Mauck, A.},
%    title={41 health care companies made the Fortune 500},
%    journal={Advisory Board}, 
%    year={2019},
%    url={https://www.advisory.com/daily-briefing/2019/05/29/fortune-500}
%}
%FIX
@article{DM2, 
    author={Razavian, N. and Blecker, S.; and Schmidt, A. M.;. 
           and Smith-McLallen, A.; and Nigam, S.; and Sontag, D.},
    title={Population-level Prediction of Type 2 Diabetes From Claims Data and Analysis of Risk Factors},
    journal={Big Data},
    year={2015},
    volume={3},
    issue={4},
    pages={277-287}
}
%FIX
@techreport{UnderExcel,
    author={Schaudel, F. and Niedermann, F.; and Kumar, S.; and Reinecke, K.},
    title={Underwriting excellence: The foundation for sustainable growth in health insurance}, 
    institution={Healthcare systems and services, McKinsey \& Company},
    year={2018}
}

@book{RatAndUnder, 
    author={Steenwyk, J. V.},
    title={Rating and Underwriting for Health Plans},
    publisher={Xlibris Corporation},
    year={2007}
}
%FIX
@article{CostBloom, 
    author={Tamang, S. and Milstein, A.; and Sorensen, H.; 
    and Pedersen, L; and Mackey, L.; and Betterton, J.;
    and Janson, L.; and Shah, N.},
    title={Predicting patient ‘cost blooms’ in Denmark: a longitudinal population-based study},
    journal={BMJ Open},
    year={2017}
}

@article{etlwiki,
    author={Wikipedia}, 
    title={Extract, Transfer, Load}, 
    url={https://en.wikipedia.org/wiki/Extract,_transform,_load}
}

@article{TaxExclES, 
    author={White, J.},
    title={The Tax Exclusion for Employer-Sponsored Insurance Is Not Regressive-But What Is It?},
    journal={J Health Polit Policy Law},
    year={2017},
    volume={42},
    issue={4}, 
    pages={697-708}
}

@article{gradboost,
    author={Zhou, H. and Yang, Y.; and Qian, W.},
    title={Tweedie Gradient Boosting for Extremely Unbalanced Zero-inflated Data}, 
    journal={arXiv preprint arXiv:1811.10192},
    volume={1811},
    issue={10192},
    year={2018}
}

%\end{thebibliography}