% Encoding: UTF-8

@String{ACMMM     = {Proceedings of the ACM International Conference on Multimedia (ACM MM)}}


@String { ACMMM1999 = {Proceedings of the 7th ACM International Conference on Multimedia (ACM MM)} }
@String { ACMMM2003 = {Proceedings of the 11th ACM International Conference on Multimedia (ACM MM)} }
@String { ACMMM2004 = {Proceedings of the 12th ACM International Conference on Multimedia (ACM MM)} }
@String { ACMMM2008 = {Proceedings of the 16th ACM International Conference on Multimedia (ACM MM)} }
@String { ACMMM2013 = {Proceedings of the 21st ACM International Conference on Multimedia (ACM MM)} }
@String{ACMMM2016 = {Proceedings of the 24th ACM International Conference on Multimedia (ACM MM)}}
@String { AES118    = {Proceedings of the 118th Convention of the Audio Engineering Society} }
@String { AMCMM2006 = {Proceedings of the 1st ACM Workshop on Audio and Music Computing Multimedia (AMCMM)} }
@String { AMR       = {Proceedings of International Workshop on Adaptive Multimedia Retrieval (AMR)} }
@String{ARXIV        = {arXiv preprint}}
@String { CBMI      = {Proceedings of the International Workshop on Content-Based Multimedia Indexing (CBMI)} }
@String { CMJ       = {Computer Music Journal} }
@String { DAFX      = {Proceedings of the International Conference on Digital Audio Effects (DAFx)} }
@String{EUSIPCO      = {Proceedings of the European Signal Processing Conference (EUSIPCO)}}
@String{EUSIPCO2017  = {Proceedings of the 25th European Signal Processing Conference (EUSIPCO)}}
@String{EUSIPCO2018  = {Proceedings of the 26th European Signal Processing Conference (EUSIPCO)}}
@String { ICASSP    = {Proceedings of the IEEE International Conference on Acoustics, Speech and Signal Processing (ICASSP)} }
@String { ICMC      = {Proceedings of the International Computer Music Conference (ICMC)} }
@String { ICME      = {Proceedings of the IEEE International Conference on Multimedia and Expo (ICME)} }
@String { ICMLA     = {Proceedings of the IEEE International Conference on Machine Learning and Applications (ICMLA)} }
@String { ISMIR     = {Proceedings of the International Conference on Music Information Retrieval (ISMIR)} }
@String { ISMIR2000 = {Proceedings of the 1st International Symposium on Music Information Retrieval (ISMIR)} }
@String { ISMIR2001 = {Proceedings of the 2nd International Symposium on Music Information Retrieval (ISMIR)} }
@String { ISMIR2002 = {Proceedings of the 3rd International Symposium on Music Information Retrieval (ISMIR)} }
@String { ISMIR2003 = {Proceedings of the 4th International Conference on Music Information Retrieval (ISMIR)} }
@String { ISMIR2004 = {Proceedings of the 5th International Conference on Music Information Retrieval (ISMIR)} }
@String { ISMIR2005 = {Proceedings of the 6th International Conference on Music Information Retrieval (ISMIR)} }
@String { ISMIR2006 = {Proceedings of the 7th International Conference on Music Information Retrieval (ISMIR)} }
@String { ISMIR2007 = {Proceedings of the 8th International Conference on Music Information Retrieval (ISMIR)} }
@String { ISMIR2008 = {Proceedings of the 9th International Conference on Music Information Retrieval (ISMIR)} }
@String { ISMIR2009 = {Proceedings of the 10th International Conference on Music Information Retrieval (ISMIR)} }
@String { ISMIR2010 = {Proceedings of the 11th International Conference on Music Information Retrieval (ISMIR)} }
@String { ISMIR2011 = {Proceedings of the 12th International Conference on Music Information Retrieval (ISMIR)} }
@String { ISMIR2012 = {Proceedings of the 13th International Conference on Music Information Retrieval (ISMIR)} }
@String { ISMIR2013 = {Proceedings of the 14th Conference of the International Society for Music Information Retrieval (ISMIR)} }
@String { ISMIR2014 = {Proceedings of the 15th Conference of the International Society for Music Information Retrieval (ISMIR)} }
@String { ISMIR2015 = {Proceedings of the 16th Conference of the International Society for Music Information Retrieval (ISMIR)} }
@String{ISMIR2016 = {Proceedings of the 17th Conference of the International Society for Music Information Retrieval (ISMIR)}}
@String{ISMIR2017 = {Proceedings of the 18th Conference of the International Society for Music Information Retrieval (ISMIR)}}
@String{ISMIR2017LBD = {Proceedings of the Late Breaking and Demo Session of the 18th Conference of the International Society for Music Information Retrieval (ISMIR)}}
@String{ISMIR2018    = {Proceedings of the 19th Conference of the International Society for Music Information Retrieval (ISMIR)}}
@String{ISMIR2019    = {Proceedings of the 20th Conference of the International Society for Music Information Retrieval (ISMIR)}}
@String { JAES      = {Journal of the Audio Engineering Society} }
@String { JASA      = {Journal of the Acoustical Society of America} }
@String{JASMP        = {EURASIP Journal on Audio, Speech, and Music Processing}}
@String { JASP      = {EURASIP Journal of Advances in Signal Processing} }
@String { JNMR      = {Journal of New Music Research} }
@String { MIREX     = {Proceedings of the Music Information Retrieval Evaluation Exchange (MIREX)} }
@String { ML        = {Machine Learning} }
@String { MLSP      = {Proceedings of the IEEE International Workshop on Machine Learning for Signal Processing (MLSP)} }
@String { MP        = {Music Perception} }
@String { PSYREV    = {Psychological Review} }
@String { SBCM      = {Proceedings of the Brazilian Symposium on Computer Music (SBCM)} }
@String { SMC       = {Proceedings of the Sound and Music Computing Conference} }
@String { SPECOM    = {Speech Communication} }
@String { TASLP     = {IEEE Transactions on Audio, Speech and Language Processing} }
@String { TSP       = {IEEE Transactions on Signal Processing} }
@String{WAC2018      = {Proceedings of the 4th Web Audio Conference}}
@String{WAC2019      = {Proceedings of the 5th Web Audio Conference}}
@String { WASPAA    = {Proceedings of the IEEE Workshop on Applications of Signal Processing to Audio and Acoustics (WASPAA)} }

@Comment{jabref-meta: databaseType:bibtex;}
