@inproceedings{chen2017multi,
  title={Multi-view 3d object detection network for autonomous driving},
  author={Chen, Xiaozhi and Ma, Huimin and Wan, Ji and Li, Bo and Xia, Tian},
  booktitle={Proceedings of the IEEE conference on Computer Vision and Pattern Recognition (CVPR)},
  pages={1907--1915},
  year={2017}
}

@article{feng2020deep,
  title={Deep multi-modal object detection and semantic segmentation for autonomous driving: Datasets, methods, and challenges},
  author={Feng, Di and Haase-Sch{\"u}tz, Christian and Rosenbaum, Lars and Hertlein, Heinz and Glaeser, Claudius and Timm, Fabian and Wiesbeck, Werner and Dietmayer, Klaus},
  journal={IEEE Transactions on Intelligent Transportation Systems},
  volume={22},
  number={3},
  pages={1341--1360},
  year={2020},
}

@inproceedings{liu2020importance,
  title={Importance-aware semantic segmentation in self-driving with discrete wasserstein training},
  author={Liu, Xiaofeng and Han, Yuzhuo and Bai, Song and Ge, Yi and Wang, Tianxing and Han, Xu and Li, Site and You, Jane and Lu, Jun},
  booktitle={Proceedings of the AAAI Conference on Artificial Intelligence},
  volume={34},
  pages={11629--11636},
  year={2020}
}

@inproceedings{zhou2020joint,
  title={Joint 3d instance segmentation and object detection for autonomous driving},
  author={Zhou, Dingfu and Fang, Jin and Song, Xibin and Liu, Liu and Yin, Junbo and Dai, Yuchao and Li, Hongdong and Yang, Ruigang},
  booktitle={Proceedings of the IEEE/CVF Conference on Computer Vision and Pattern Recognition},
  pages={1839--1849},
  year={2020}
}

@inproceedings{martinez2017simple,
  title={A simple yet effective baseline for 3d human pose estimation},
  author={Martinez, Julieta and Hossain, Rayat and Romero, Javier and Little, James J},
  booktitle={Proceedings of the IEEE International Conference on Computer Vision (CVPR)},
  pages={2640--2649},
  year={2017}
}

@inproceedings{nie2017monocular,
  title={Monocular 3d human pose estimation by predicting depth on joints},
  author={Nie, Bruce Xiaohan and Wei, Ping and Zhu, Song-Chun},
  booktitle={Proceedings of the IEEE International Conference on Computer Vision (ICCV)},
  pages={3467--3475},
  year={2017},
}

@inproceedings{pavllo20193d,
  title={3d human pose estimation in video with temporal convolutions and semi-supervised training},
  author={Pavllo, Dario and Feichtenhofer, Christoph and Grangier, David and Auli, Michael},
  booktitle={Proceedings of the IEEE/CVF Conference on Computer Vision and Pattern Recognition (CVPR)},
  pages={7753--7762},
  year={2019}
}

@inproceedings{cheng2019occlusion,
  title={Occlusion-aware networks for 3d human pose estimation in video},
  author={Cheng, Yu and Yang, Bo and Wang, Bo and Yan, Wending and Tan, Robby T},
  booktitle={Proceedings of the IEEE/CVF International Conference on Computer Vision (ICCV)},
  pages={723--732},
  year={2019}
}

@article{doersch2019sim2real,
  title={Sim2real transfer learning for 3d human pose estimation: motion to the rescue},
  author={Doersch, Carl and Zisserman, Andrew},
  journal={Advances in Neural Information Processing Systems (NIPS)},
  volume={32},
  pages={12949--12961},
  year={2019}
}

@inproceedings{cheng20203d,
  title={3d human pose estimation using spatio-temporal networks with explicit occlusion training},
  author={Cheng, Yu and Yang, Bo and Wang, Bo and Tan, Robby T},
  booktitle={Proceedings of the AAAI Conference on Artificial Intelligence (AAAI)},
  volume={34},
  number={07},
  pages={10631--10638},
  year={2020}
}

@inproceedings{moon2019camera,
  title={Camera distance-aware top-down approach for 3d multi-person pose estimation from a single rgb image},
  author={Moon, Gyeongsik and Chang, Ju Yong and Lee, Kyoung Mu},
  booktitle={Proceedings of the IEEE/CVF International Conference on Computer Vision (ICCV)},
  pages={10133--10142},
  year={2019}
}

@inproceedings{fabbri2020compressed,
  title={Compressed volumetric heatmaps for multi-person 3d pose estimation},
  author={Fabbri, Matteo and Lanzi, Fabio and Calderara, Simone and Alletto, Stefano and Cucchiara, Rita},
  booktitle={Proceedings of the IEEE/CVF Conference on Computer Vision and Pattern Recognition (CVPR)},
  pages={7204--7213},
  year={2020}
}

@article{li2020hmor,
  title={Hmor: Hierarchical multi-person ordinal relations for monocular multi-person 3d pose estimation},
  author={Li, Jiefeng and Wang, Can and Liu, Wentao and Qian, Chen and Lu, Cewu},
  journal={arXiv preprint arXiv:2008.00206},
  year={2020}
}

@inproceedings{lin2020hdnet,
  title={Hdnet: Human depth estimation for multi-person camera-space localization},
  author={Lin, Jiahao and Lee, Gim Hee},
  booktitle={Proceedings of the European Conference on Computer Vision (ECCV)},
  pages={633--648},
  year={2020},
}

@article{mehta2020xnect,
  title={XNect: Real-time multi-person 3D motion capture with a single RGB camera},
  author={Mehta, Dushyant and Sotnychenko, Oleksandr and Mueller, Franziska and Xu, Weipeng and Elgharib, Mohamed and Fua, Pascal and Seidel, Hans-Peter and Rhodin, Helge and Pons-Moll, Gerard and Theobalt, Christian},
  journal={ACM Transactions on Graphics (TOG)},
  volume={39},
  number={4},
  pages={82--1},
  year={2020},
}

@inproceedings{wang2010combined,
  title={Combined top-down/bottom-up human articulated pose estimation using Adaboost learning},
  author={Wang, Sheng and Ai, Haizhou and Yamashita, Takayoshi and Lao, Shihong},
  booktitle={Proceedings of the International Conference on Pattern Recognition (ICPR)},
  pages={3670--3673},
  year={2010},
}

@inproceedings{gong2021poseaug,
  title={PoseAug: A Differentiable Pose Augmentation Framework for 3D Human Pose Estimation},
  author={Gong, Kehong and Zhang, Jianfeng and Feng, Jiashi},
  booktitle={Proceedings of the IEEE/CVF Conference on Computer Vision and Pattern Recognition (CVPR)},
  pages={8575--8584},
  year={2021}
}

@article{llopart2020liftformer,
  title={LiftFormer: 3D Human Pose Estimation using attention models},
  author={Llopart, Adrian},
  journal={arXiv preprint arXiv:2009.00348},
  year={2020}
}

@inproceedings{li20143d,
  title={3d human pose estimation from monocular images with deep convolutional neural network},
  author={Li, Sijin and Chan, Antoni B},
  booktitle={Proceedings of the Asian Conference on Computer Vision (ACCV)},
  pages={332--347},
  year={2014},
}

@inproceedings{pavlakos2017coarse,
  title={Coarse-to-fine volumetric prediction for single-image 3D human pose},
  author={Pavlakos, Georgios and Zhou, Xiaowei and Derpanis, Konstantinos G and Daniilidis, Kostas},
  booktitle={Proceedings of the IEEE conference on computer vision and pattern recognition (CVPR)},
  pages={7025--7034},
  year={2017}
}

@inproceedings{sun2017compositional,
  title={Compositional human pose regression},
  author={Sun, Xiao and Shang, Jiaxiang and Liang, Shuang and Wei, Yichen},
  booktitle={Proceedings of the IEEE International Conference on Computer Vision (ECCV)},
  pages={2602--2611},
  year={2017}
}

@inproceedings{sun2018integral,
  title={Integral human pose regression},
  author={Sun, Xiao and Xiao, Bin and Wei, Fangyin and Liang, Shuang and Wei, Yichen},
  booktitle={Proceedings of the European Conference on Computer Vision (ECCV)},
  pages={529--545},
  year={2018}
}

@article{ionescu2013human3,
  title={Human3. 6m: Large scale datasets and predictive methods for 3d human sensing in natural environments},
  author={Ionescu, Catalin and Papava, Dragos and Olaru, Vlad and Sminchisescu, Cristian},
  journal={IEEE transactions on pattern analysis and machine intelligence (TPAMI)},
  volume={36},
  number={7},
  pages={1325--1339},
  year={2013},
}

@inproceedings{mehta2018single,
  title={Single-shot multi-person 3d pose estimation from monocular rgb},
  author={Mehta, Dushyant and Sotnychenko, Oleksandr and Mueller, Franziska and Xu, Weipeng and Sridhar, Srinath and Pons-Moll, Gerard and Theobalt, Christian},
  booktitle={International Conference on 3D Vision (3DV)},
  pages={120--130},
  year={2018},
}

@inproceedings{okuno2018body,
  title={Body posture and face orientation estimation by convolutional network with heterogeneous learning},
  author={Okuno, Kaoruko and Yamashita, Takayoshi and Fukui, Hiroshi and Noridomi, Shuzo and Arata, Koji and Yamauchi, Yuji and Fujiyoshi, Hironobu},
  booktitle={International Workshop on Advanced Image Technology (IWAIT)},
  pages={1--4},
  year={2018},
}

@article{yuen2018looking,
  title={Looking at hands in autonomous vehicles: A convnet approach using part affinity fields},
  author={Yuen, Kevan and Trivedi, Mohan M},
  journal={arXiv preprint arXiv:1804.01176},
  year={2018}
}

@inproceedings{chun2019nads,
  title={NADS-Net: A Nimble Architecture for Driver and Seat Belt Detection via Convolutional Neural Networks},
  author={Chun, Sehyun and Hamidi Ghalehjegh, Nima and Choi, Joseph and Schwarz, Chris and Gaspar, John and McGehee, Daniel and Baek, Stephen},
  booktitle={IEEE/CVF International Conference on Computer Vision Workshops (ICCVW)},
  pages={0--0},
  year={2019}
}

@inproceedings{heo2020lightweight,
  title={Lightweight Deep Neural Network-based Real-Time Pose Estimation on Embedded Systems},
  author={Heo, Junho and Kim, Ginam and Park, Jaeseo and Kim, Yeonsu and Cho, Sung-Sik and Lee, Chang Won and Kang, Suk-Ju},
  booktitle={Proceedings of the IEEE Intelligent Vehicles Symposium (IV)},
  pages={1066--1071},
  year={2020},
}

@inproceedings{cao2017realtime,
  title={Realtime multi-person 2d pose estimation using part affinity fields},
  author={Cao, Zhe and Simon, Tomas and Wei, Shih-En and Sheikh, Yaser},
  booktitle={Proceedings of the IEEE conference on computer vision and pattern recognition (CVPR)},
  pages={7291--7299},
  year={2017}
}

@inproceedings{zhou2017learning,
  title={Learning-based seat belt detection in image using salient gradient},
  author={Zhou, Bin and Chen, Li and Tian, Jing and Peng, Zheng},
  booktitle={Proceedings of the IEEE Conference on Industrial Electronics and Applications (ICIEA)},
  pages={547--550},
  year={2017},
}

@inproceedings{kashevnik2020seat,
  title={Seat Belt Fastness Detection Based on Image Analysis from Vehicle In-abin Camera},
  author={Kashevnik, Alexey and Ali, Ammar and Lashkov, Igor and Shilov, Nikolay},
  booktitle={Conference of Open Innovations Association (FRUCT)},
  pages={143--150},
  year={2020},
}

@inproceedings{redmon2016you,
  title={You only look once: Unified, real-time object detection},
  author={Redmon, Joseph and Divvala, Santosh and Girshick, Ross and Farhadi, Ali},
  booktitle={Proceedings of the IEEE conference on computer vision and pattern recognition (CVPR)},
  pages={779--788},
  year={2016}
}

@inproceedings{lin2014microsoft,
  title={Microsoft coco: Common objects in context},
  author={Lin, Tsung-Yi and Maire, Michael and Belongie, Serge and Hays, James and Perona, Pietro and Ramanan, Deva and Doll{\'a}r, Piotr and Zitnick, C Lawrence},
  booktitle={Proceedings of the European conference on computer vision (ECCV)},
  pages={740--755},
  year={2014},
}

@inproceedings{he2016identity,
  title={Identity mappings in deep residual networks},
  author={He, Kaiming and Zhang, Xiangyu and Ren, Shaoqing and Sun, Jian},
  booktitle={Proceedings of the European conference on computer vision (ECCV)},
  pages={630--645},
  year={2016},
}

@inproceedings{xiao2018simple,
  title={Simple baselines for human pose estimation and tracking},
  author={Xiao, Bin and Wu, Haiping and Wei, Yichen},
  booktitle={Proceedings of the European conference on computer vision (ECCV)},
  pages={466--481},
  year={2018}
}

@article{kingma2014adam,
  title={Adam: A method for stochastic optimization},
  author={Kingma, Diederik P and Ba, Jimmy},
  journal={arXiv preprint arXiv:1412.6980},
  year={2014}
}