% Datasets

@inproceedings{ribeiroevolution,
    title={The Evolution of the Manosphere Across the Web},
    author={Ribeiro, Manoel Horta and Blackburn, Jeremy and Bradlyn, Barry and De Cristofaro, Emiliano and Stringhini, Gianluca and Long, Summer and Greenberg, Stephanie and Zannettou, Savvas},
    booktitle = {{Proceedings of the 15th International AAAI Conference on Web and Social Media}},
    year={2021}
}

@inproceedings{chung2019conan,
  title={CONAN-COunter NArratives through Nichesourcing: a Multilingual Dataset of Responses to Fight Online Hate Speech},
  author={Chung, Yi-Ling and Kuzmenko, Elizaveta and Tekiroglu, Serra Sinem and Guerini, Marco},
  booktitle={57th Annual Meeting of the Association for Computational Linguistics},
  pages={2819--2829},
  year={2019}
}

@inproceedings{de2018hate,
  title={Hate Speech Dataset from a White Supremacy Forum},
  author={de Gibert, Ona and Perez, Naiara and Garc{\'\i}a-Pablos, Aitor and Cuadros, Montse},
  booktitle={Proceedings of the 2nd Workshop on Abusive Language Online (ALW2)},
  pages={11--20},
  year={2018}
}

@article{alakrot2018dataset,
  title={Dataset construction for the detection of anti-social behaviour in online communication in Arabic},
  author={Alakrot, Azalden and Murray, Liam and Nikolov, Nikola S},
  journal={Procedia Computer Science},
  volume={142},
  pages={174--181},
  year={2018},
  publisher={Elsevier}
}

% Psychology papers

% heterogeneous positive/negative behaviors
@article{james2011friend,
  title={A friend in deed? Can adolescent girls be taught to understand relational bullying?},
  author={James, Deborah and Flynn, Ann and Lawlor, Maria and Courtney, Pat and Murphy, Niamh and Henry, Bernie},
  journal={Child Abuse Review},
  volume={20},
  number={6},
  pages={439--454},
  year={2011},
  publisher={Wiley Online Library}
}

@article{kowalski2007electronic,
  title={Electronic bullying among middle school students},
  author={Kowalski, Robin M and Limber, Susan P},
  journal={Journal of adolescent health},
  volume={41},
  number={6},
  pages={S22--S30},
  year={2007},
  publisher={Elsevier}
}

@article{choi2018effects,
  title={Effects of positive and negative feedback sequence on work performance and emotional responses},
  author={Choi, Eunju and Johnson, Douglas A and Moon, Kwangsu and Oah, Shezeen},
  journal={Journal of Organizational Behavior Management},
  volume={38},
  number={2-3},
  pages={97--115},
  year={2018},
  publisher={Taylor \& Francis}
}


@article{demonbreun1977distortion,
  title={Distortion of perception and recall of positive and neutral feedback in depression},
  author={DeMonbreun, Bob G and Craighead, W Edward},
  journal={Cognitive Therapy and Research},
  volume={1},
  number={4},
  pages={311--329},
  year={1977},
  publisher={Springer}
}
@article{kowalski2014bullying,
  title={Bullying in the digital age: A critical review and meta-analysis of cyberbullying research among youth.},
  author={Kowalski, Robin M and Giumetti, Gary W and Schroeder, Amber N and Lattanner, Micah R},
  journal={Psychological bulletin},
  volume={140},
  number={4},
  pages={1073},
  year={2014},
  publisher={American Psychological Association}
}

@article{sticca2013longitudinal,
  title={Longitudinal risk factors for cyberbullying in adolescence},
  author={Sticca, Fabio and Ruggieri, Sabrina and Alsaker, Fran{\c{c}}oise and Perren, Sonja},
  journal={Journal of community \& applied social psychology},
  volume={23},
  number={1},
  pages={52--67},
  year={2013},
  publisher={Wiley Online Library}
}

@inproceedings{kumar2018benchmarking,
  title={Benchmarking aggression identification in social media},
  author={Kumar, Ritesh and Ojha, Atul Kr and Malmasi, Shervin and Zampieri, Marcos},
  booktitle={Proceedings of the First Workshop on Trolling, Aggression and Cyberbullying (TRAC-2018)},
  pages={1--11},
  year={2018}
}

@inproceedings{hosseinmardi2015analyzing,
  title={Analyzing labeled cyberbullying incidents on the instagram social network},
  author={Hosseinmardi, Homa and Mattson, Sabrina Arredondo and Rafiq, Rahat Ibn and Han, Richard and Lv, Qin and Mishra, Shivakant},
  booktitle={International conference on social informatics},
  pages={49--66},
  year={2015},
  organization={Springer}
}

@inproceedings{wang2018disconnected,
  title={Disconnected recurrent neural networks for text categorization},
  author={Wang, Baoxin},
  booktitle={Proceedings of the 56th Annual Meeting of the Association for Computational Linguistics (Volume 1: Long Papers)},
  pages={2311--2320},
  year={2018}
}

@inproceedings{vidgen2019challenges,
  title={Challenges and frontiers in abusive content detection},
  author={Vidgen, Bertie and Harris, Alex and Nguyen, Dong and Tromble, Rebekah and Hale, Scott and Margetts, Helen},
  booktitle={Proceedings of the Third Workshop on Abusive Language Online},
  pages={80},
  year={2019},
  organization={Association for Computational Linguistics}
}
@inproceedings{jurgens2019just,
  title={A Just and Comprehensive Strategy for Using NLP to Address Online Abuse},
  author={Jurgens, David and Hemphill, Libby and Chandrasekharan, Eshwar},
  booktitle={Proceedings of the 57th Annual Meeting of the Association for Computational Linguistics},
  pages={3658--3666},
  year={2019}
}

@inproceedings{waseem2017understanding,
  title={Understanding Abuse: A Typology of Abusive Language Detection Subtasks},
  author={Waseem, Zeerak and Davidson, Thomas and Warmsley, Dana and Weber, Ingmar},
  booktitle={Proceedings of the First Workshop on Abusive Language Online},
  pages={78--84},
  year={2017}
}
@article{anderson2017social,
  title={Social media, science, and attack discourse: How Twitter discussions of climate change use sarcasm and incivility},
  author={Anderson, Ashley A and Huntington, Heidi E},
  journal={Science Communication},
  volume={39},
  number={5},
  pages={598--620},
  year={2017},
  publisher={SAGE Publications Sage CA: Los Angeles, CA}
}

@inproceedings{golbeck2017large,
  title={A large labeled corpus for online harassment research},
  author={Golbeck, Jennifer and Ashktorab, Zahra and Banjo, Rashad O and Berlinger, Alexandra and Bhagwan, Siddharth and Buntain, Cody and Cheakalos, Paul and Geller, Alicia A and Gnanasekaran, Rajesh Kumar and Gunasekaran, Raja Rajan and others},
  booktitle={Proceedings of the 2017 ACM on web science conference},
  pages={229--233},
  year={2017}
}
@inproceedings{schmidt2017survey,
  title={A survey on hate speech detection using natural language processing},
  author={Schmidt, Anna and Wiegand, Michael},
  booktitle={Proceedings of the Fifth International workshop on natural language processing for social media},
  pages={1--10},
  year={2017}
}

@inproceedings{roberts2019proceedings,
  title={Proceedings of the Third Workshop on Abusive Language Online},
  author={Roberts, Sarah T and Tetreault, Joel and Prabhakaran, Vinodkumar and Waseem, Zeerak},
  booktitle={Proceedings of the Third Workshop on Abusive Language Online},
  year={2019}
}

@article{worrall1983consequences,
  title={The consequences of teacher praise and criticism},
  author={Worrall, Chrysoula and Worrall, Norman and Meldrum, Claire},
  journal={Educational Psychology},
  volume={3},
  number={2},
  pages={127--136},
  year={1983},
  publisher={Taylor \& Francis}
}

@article{gilbert2006investigating,
  title={Investigating relationships between perfectionism, forms and functions of self-criticism, and sensitivity to put-down},
  author={Gilbert, Paul and Durrant, R and McEwan, Kirsten},
  journal={Personality and Individual Differences},
  volume={41},
  number={7},
  pages={1299--1308},
  year={2006},
  publisher={Elsevier}
}

@article{taylor1991asymmetrical,
  title={Asymmetrical effects of positive and negative events: the mobilization-minimization hypothesis.},
  author={Taylor, Shelley E},
  journal={Psychological bulletin},
  volume={110},
  number={1},
  pages={67},
  year={1991},
  publisher={American Psychological Association}
}

@inproceedings{joksimovic2019automated,
  title={Automated Identification of Verbally Abusive Behaviors in Online Discussions},
  author={Joksimovic, Srecko and Baker, Ryan S and Ocumpaugh, Jaclyn and Andres, Juan Miguel L and Tot, Ivan and Wang, Elle Yuan and Dawson, Shane},
  booktitle={Proceedings of the Third Workshop on Abusive Language Online},
  pages={36--45},
  year={2019}
}

@article{bastiaensens2016normative,
  title={From normative influence to social pressure: How relevant others affect whether bystanders join in cyberbullying},
  author={Bastiaensens, Sara and Pabian, Sara and Vandebosch, Heidi and Poels, Karolien and Van Cleemput, Katrien and DeSmet, Ann and De Bourdeaudhuij, Ilse},
  journal={Social Development},
  volume={25},
  number={1},
  pages={193--211},
  year={2016},
  publisher={Wiley Online Library}
}

@article{ferguson2011know,
  title={I know what you did: The effects of interpersonal deviance on bystanders.},
  author={Ferguson, Merideth and Barry, Bruce},
  journal={Journal of Occupational Health Psychology},
  volume={16},
  number={1},
  pages={80},
  year={2011},
  publisher={Educational Publishing Foundation}
}

@article{low2007experiences,
  title={The experiences of bystanders of workplace ethnic harassment},
  author={Low, KS Douglas and Radhakrishnan, Phanikiran and Schneider, Kimberly T and Rounds, James},
  journal={Journal of Applied Social Psychology},
  volume={37},
  number={10},
  pages={2261--2297},
  year={2007},
  publisher={Wiley Online Library}
}

@inproceedings{wauthier2011bayesian,
  title={Bayesian bias mitigation for crowdsourcing},
  author={Wauthier, Fabian L and Jordan, Michael I},
  booktitle={Advances in neural information processing systems},
  pages={1800--1808},
  year={2011}
}

@inproceedings{hube2019understanding,
  title={Understanding and mitigating worker biases in the crowdsourced collection of subjective judgments},
  author={Hube, Christoph and Fetahu, Besnik and Gadiraju, Ujwal},
  booktitle={Proceedings of the 2019 CHI Conference on Human Factors in Computing Systems},
  pages={1--12},
  year={2019}
}

@article{miceli2020between,
  title={Between Subjectivity and Imposition: Power Dynamics in Data Annotation for Computer Vision},
  author={Miceli, Milagros and Schuessler, Martin and Yang, Tianling},
  journal={Proceedings of the ACM on Human-Computer Interaction},
  volume={4},
  number={CSCW2},
  pages={1--25},
  year={2020},
  publisher={ACM New York, NY, USA}
}


@article{wang2019team,
  title={Team creativity/innovation in culturally diverse teams: A meta-analysis},
  author={Wang, Jie and Cheng, Grand H-L and Chen, Tingting and Leung, Kwok},
  journal={Journal of Organizational Behavior},
  volume={40},
  number={6},
  pages={693--708},
  year={2019},
  publisher={Wiley Online Library}
}

@article{watson2002influence,
  title={The influence of ethnic diversity on leadership, group process, and performance: An examination of learning teams},
  author={Watson, Warren E and Johnson, Lynn and Zgourides, George D},
  journal={International Journal of Intercultural Relations},
  volume={26},
  number={1},
  pages={1--16},
  year={2002},
  publisher={Elsevier}
}

@article{jackson1995understanding,
  title={Understanding the dynamics of diversity in decision-making teams},
  author={Jackson, Susan E and May, Karen E and Whitney, Kristina and Guzzo, RA and Salas, E},
  journal={Team effectiveness and decision making in organizations},
  volume={204},
  pages={261},
  year={1995}
}


@inproceedings{waseem2016you,
  title={Are you a racist or am i seeing things? annotator influence on hate speech detection on twitter},
  author={Waseem, Zeerak},
  booktitle={Proceedings of the first workshop on NLP and computational social science},
  pages={138--142},
  year={2016}
}

@article{cowie2013cyberbullying,
  title={Cyberbullying and its impact on young people's emotional health and well-being},
  author={Cowie, Helen},
  journal={The Psychiatrist},
  volume={37},
  number={5},
  pages={167--170},
  year={2013},
  publisher={Cambridge University Press}
}

@article{milosevic2016social,
  title={Social Media Companies' Cyberbullying Policies},
  author={Milosevic, Tijana},
  journal={International Journal of Communication},
  volume={10},
  pages={22},
  year={2016}
}

@article{aboujaoude2015cyberbullying,
  title={Cyberbullying: Review of an old problem gone viral},
  author={Aboujaoude, Elias and Savage, Matthew W and Starcevic, Vladan and Salame, Wael O},
  journal={Journal of Adolescent Health},
  volume={57},
  number={1},
  pages={10--18},
  year={2015},
  publisher={Elsevier}
}

@article{price2010cyberbullying,
  title={Cyberbullying: Experiences, impacts and coping strategies as described by Australian young people},
  author={Price, Megan and Dalgleish, John and others},
  journal={Youth Studies Australia},
  volume={29},
  number={2},
  pages={51},
  year={2010},
  publisher={Australian Clearinghouse for Youth Studies}
}

@article{slonje2008cyberbullying,
  title={Cyberbullying: Another main type of bullying?},
  author={Slonje, Robert and Smith, Peter K},
  journal={Scandinavian journal of psychology},
  volume={49},
  number={2},
  pages={147--154},
  year={2008},
  publisher={Wiley Online Library}
}

@inproceedings{djuric2015hate,
  title={Hate speech detection with comment embeddings},
  author={Djuric, Nemanja and Zhou, Jing and Morris, Robin and Grbovic, Mihajlo and Radosavljevic, Vladan and Bhamidipati, Narayan},
  booktitle={Proceedings of the 24th international conference on world wide web},
  pages={29--30},
  year={2015},
  organization={ACM}
}


@inproceedings{nobata2016abusive,
  title={Abusive language detection in online user content},
  author={Nobata, Chikashi and Tetreault, Joel and Thomas, Achint and Mehdad, Yashar and Chang, Yi},
  booktitle={Proceedings of the 25th international conference on world wide web},
  pages={145--153},
  year={2016}
}


@inproceedings{wiegreffe2019attention,
  title={Attention is not not Explanation},
  author={Wiegreffe, Sarah and Pinter, Yuval},
  booktitle={Proceedings of the 2019 Conference on Empirical Methods in Natural Language Processing and the 9th International Joint Conference on Natural Language Processing (EMNLP-IJCNLP)},
  pages={11--20},
  year={2019}
}

@inproceedings{chakrabarty2019pay,
  title={Pay “Attention” to your Context when Classifying Abusive Language},
  author={Chakrabarty, Tuhin and Gupta, Kilol and Muresan, Smaranda},
  booktitle={Proceedings of the Third Workshop on Abusive Language Online},
  pages={70--79},
  year={2019}
}

@inproceedings{carton2020feature,
  title={Feature-Based Explanations Don't Help People Detect Misclassifications of Online Toxicity},
  author={Carton, Samuel and Mei, Qiaozhu and Resnick, Paul},
  booktitle={Proceedings of the International AAAI Conference on Web and Social Media},
  volume={14},
  pages={95--106},
  year={2020}
}

@inproceedings{saleem2016web,
  title={A Web of Hate: Tackling Hateful Speech in Online Social Spaces},
  author={Saleem, Haji Mohammad and Dillon, Kelly P and Benesch, Susan and Ruths, Derek},
  booktitle={Workshop Programme},
  pages={1},
  year={2016}
}

@book{willard2007cyberbullying,
  title={Cyberbullying and cyberthreats: Responding to the challenge of online social aggression, threats, and distress},
  author={Willard, Nancy E},
  year={2007},
  publisher={Research Press}
}

@article{hinduja2008cyberbullying,
  title={Cyberbullying: An exploratory analysis of factors related to offending and victimization},
  author={Hinduja, Sameer and Patchin, Justin W},
  journal={Deviant behavior},
  volume={29},
  number={2},
  pages={129--156},
  year={2008},
  publisher={Taylor \& Francis}
}

@inproceedings{waseem2016hateful,
  title={Hateful symbols or hateful people? predictive features for hate speech detection on twitter},
  author={Waseem, Zeerak and Hovy, Dirk},
  booktitle={Proceedings of the NAACL student research workshop},
  pages={88--93},
  year={2016}
}


@article{o2003reconceptualizing,
  title={Reconceptualizing ‘flaming’ and other problematic messages},
  author={O’sullivan, Patrick B and Flanagin, Andrew J},
  journal={New Media \& Society},
  volume={5},
  number={1},
  pages={69--94},
  year={2003},
  publisher={Sage Publications Sage CA: Thousand Oaks, CA}
}


@article{smith2008cyberbullying,
  title={Cyberbullying: Its nature and impact in secondary school pupils},
  author={Smith, Peter K and Mahdavi, Jess and Carvalho, Manuel and Fisher, Sonja and Russell, Shanette and Tippett, Neil},
  journal={Journal of child psychology and psychiatry},
  volume={49},
  number={4},
  pages={376--385},
  year={2008},
  publisher={Wiley Online Library}
}

@inproceedings{founta2018large,
  title={Large scale crowdsourcing and characterization of twitter abusive behavior},
  author={Founta, Antigoni Maria and Djouvas, Constantinos and Chatzakou, Despoina and Leontiadis, Ilias and Blackburn, Jeremy and Stringhini, Gianluca and Vakali, Athena and Sirivianos, Michael and Kourtellis, Nicolas},
  booktitle={Twelfth International AAAI Conference on Web and Social Media},
  year={2018}
}

@article{vandebosch2008defining,
  title={Defining cyberbullying: A qualitative research into the perceptions of youngsters},
  author={Vandebosch, Heidi and Van Cleemput, Katrien},
  journal={CyberPsychology \& Behavior},
  volume={11},
  number={4},
  pages={499--503},
  year={2008},
  publisher={Mary Ann Liebert, Inc. 140 Huguenot Street, 3rd Floor New Rochelle, NY 10801-5215 USA}
}

@article{ortega2009emotional,
  title={The emotional impact on victims of traditional bullying and cyberbullying: A study of Spanish adolescents},
  author={Ortega, Rosario and Elipe, Paz and Mora-Merch{\'a}n, Joaqu{\'\i}n A and Calmaestra, Juan and Vega, Esther},
  journal={Zeitschrift f{\"u}r Psychologie/Journal of Psychology},
  volume={217},
  number={4},
  pages={197--204},
  year={2009},
  publisher={Hogrefe Publishing}
}

@inproceedings{clarke2017dimensions,
  title={Dimensions of abusive language on twitter},
  author={Clarke, Isobelle and Grieve, Jack},
  booktitle={Proceedings of the First Workshop on Abusive Language Online},
  pages={1--10},
  year={2017}
}

@article{grigg2010cyber,
  title={Cyber-aggression: Definition and concept of cyberbullying},
  author={Grigg, Dorothy Wunmi},
  journal={Journal of Psychologists and Counsellors in Schools},
  volume={20},
  number={2},
  pages={143--156},
  year={2010},
  publisher={Cambridge University Press}
}

@inproceedings{gong2017geometry,
  title={Geometry of Compositionality.},
  author={Gong, Hongyu and Bhat, Suma and Viswanath, Pramod},
  pages={3202--3208},
  year={2017},
  organization={the Thirty-First (AAAI) Conference on Artificial Intelligence}
}

@inproceedings{wulczyn2017ex,
  title={Ex machina: Personal attacks seen at scale},
  author={Wulczyn, Ellery and Thain, Nithum and Dixon, Lucas},
  booktitle={Proceedings of the 26th International Conference on World Wide Web},
  pages={1391--1399},
  year={2017}
}

@inproceedings{davidson2017automated,
  title={Automated hate speech detection and the problem of offensive language},
  author={Davidson, Thomas and Warmsley, Dana and Macy, Michael and Weber, Ingmar},
  booktitle={Eleventh international aaai conference on web and social media},
  year={2017}
}

@article{yin2009detection,
  title={Detection of harassment on web 2.0},
  author={Yin, Dawei and Xue, Zhenzhen and Hong, Liangjie and Davison, Brian D and Kontostathis, April and Edwards, Lynne},
  journal={Proceedings of the Content Analysis in the WEB},
  volume={2},
  pages={1--7},
  year={2009}
}
@article{nockleby2000hate,
  title={Hate speech},
  author={Nockleby, John T},
  journal={Encyclopedia of the American constitution},
  volume={3},
  number={2},
  pages={1277--1279},
  year={2000},
  publisher={Macmillan Reference US Detroit}
}
@inproceedings{park2017one,
  title={One-step and Two-step Classification for Abusive Language Detection on Twitter},
  author={Park, Ji Ho and Fung, Pascale},
  booktitle={Proceedings of the First Workshop on Abusive Language Online},
  pages={41--45},
  year={2017}
}

@inproceedings{cheng2015antisocial,
  title={Antisocial Behavior in Online Discussion Communities.},
  author={Cheng, Justin and Danescu-Niculescu-Mizil, Cristian and Leskovec, Jure},
  booktitle={Icwsm},
  pages={61--70},
  year={2015}
}

@article{hoff2009cyberbullying,
  title={Cyberbullying: Causes, effects, and remedies},
  author={Hoff, Dianne L and Mitchell, Sidney N},
  journal={Journal of Educational Administration},
  volume={47},
  number={5},
  year={2009},
  publisher={Emerald Group Publishing Limited}
}

@inproceedings{sennrich2016linguistic,
  title={Linguistic Input Features Improve Neural Machine Translation},
  author={Sennrich, Rico and Haddow, Barry},
  booktitle={Proceedings of the First Conference on Machine Translation: Volume 1, Research Papers},
  volume={1},
  pages={83--91},
  year={2016}
}

@inproceedings{zhou2016attentionrelation,
  title={Attention-based bidirectional long short-term memory networks for relation classification},
  author={Zhou, Peng and Shi, Wei and Tian, Jun and Qi, Zhenyu and Li, Bingchen and Hao, Hongwei and Xu, Bo},
  booktitle={Proceedings of the 54th Annual Meeting of the Association for Computational Linguistics (Volume 2: Short Papers)},
  volume={2},
  pages={207--212},
  year={2016}
}

@inproceedings{agrawal2018deep,
  title={Deep Learning for Detecting Cyberbullying Across Multiple Social Media Platforms},
  author={Agrawal, Sweta and Awekar, Amit},
  booktitle={European Conference on Information Retrieval},
  pages={141--153},
  year={2018},
  organization={Springer}
}

@inproceedings{van2015detection,
  title={Detection and fine-grained classification of cyberbullying events},
  author={Van Hee, Cynthia and Lefever, Els and Verhoeven, Ben and Mennes, Julie and Desmet, Bart and De Pauw, Guy and Daelemans, Walter and Hoste, V{\'e}ronique},
  booktitle={International Conference Recent Advances in Natural Language Processing (RANLP)},
  pages={672--680},
  year={2015}
}

@inproceedings{argyriou2006multi,
  title={Multi-task feature learning},
  author={Argyriou, Andreas and Evgeniou, Theodoros and Pontil, Massimiliano},
  booktitle={Proceedings of the 19th International Conference on Neural Information Processing Systems},
  pages={41--48},
  year={2006},
  organization={MIT Press}
}

@inproceedings{standley2020tasks,
  title={Which tasks should be learned together in multi-task learning?},
  author={Standley, Trevor and Zamir, Amir and Chen, Dawn and Guibas, Leonidas and Malik, Jitendra and Savarese, Silvio},
  booktitle={International Conference on Machine Learning},
  pages={9120--9132},
  year={2020},
  organization={PMLR}
}

@inproceedings{singh2017toward,
  title={Toward multimodal cyberbullying detection},
  author={Singh, Vivek K and Ghosh, Souvick and Jose, Christin},
  booktitle={Proceedings of the 2017 CHI Conference Extended Abstracts on Human Factors in Computing Systems},
  pages={2090--2099},
  year={2017},
  organization={ACM}
}

@inproceedings{dani2017sentiment,
  title={Sentiment Informed Cyberbullying Detection in Social Media},
  author={Dani, Harsh and Li, Jundong and Liu, Huan},
  booktitle={Joint European Conference on Machine Learning and Knowledge Discovery in Databases},
  pages={52--67},
  year={2017},
  organization={Springer}
}

@inproceedings{squicciarini2015identification,
  title={Identification and characterization of cyberbullying dynamics in an online social network},
  author={Squicciarini, A and Rajtmajer, S and Liu, Y and Griffin, Christopher},
  booktitle={Proceedings of the 2015 IEEE/ACM International Conference on Advances in Social Networks Analysis and Mining 2015},
  pages={280--285},
  year={2015},
  organization={ACM}
}

@inproceedings{nahar2014semi,
  title={Semi-supervised learning for cyberbullying detection in social networks},
  author={Nahar, Vinita and Al-Maskari, Sanad and Li, Xue and Pang, Chaoyi},
  booktitle={Australasian Database Conference},
  pages={160--171},
  year={2014},
  organization={Springer}
}

@inproceedings{rafiq2015careful,
  title={Careful what you share in six seconds: Detecting cyberbullying instances in Vine},
  author={Rafiq, Rahat Ibn and Hosseinmardi, Homa and Han, Richard and Lv, Qin and Mishra, Shivakant and Mattson, Sabrina Arredondo},
  booktitle={Proceedings of the 2015 IEEE/ACM International Conference on Advances in Social Networks Analysis and Mining 2015},
  pages={617--622},
  year={2015},
  organization={ACM}
}

@article{dinakar2011modeling,
  title={Modeling the detection of Textual Cyberbullying.},
  author={Dinakar, Karthik and Reichart, Roi and Lieberman, Henry},
  journal={The Social Mobile Web},
  volume={11},
  number={02},
  pages={11--17},
  year={2011}
}

@inproceedings{kim2014convolutional,
  title={Convolutional Neural Networks for Sentence Classification},
  author={Kim, Yoon},
  booktitle={Proceedings of the 2014 Conference on Empirical Methods in Natural Language Processing (EMNLP)},
  pages={1746--1751},
  year={2014}
}

@inproceedings{lee2016sequential,
  title={Sequential Short-Text Classification with Recurrent and Convolutional Neural Networks},
  author={Lee, Ji Young and Dernoncourt, Franck},
  booktitle={Proceedings of NAACL-HLT},
  pages={515--520},
  year={2016}
}

@inproceedings{yang2016hierarchical,
  title={Hierarchical attention networks for document classification},
  author={Yang, Zichao and Yang, Diyi and Dyer, Chris and He, Xiaodong and Smola, Alex and Hovy, Eduard},
  booktitle={Proceedings of the 2016 Conference of the North American Chapter of the Association for Computational Linguistics: Human Language Technologies},
  pages={1480--1489},
  year={2016}
}
@inproceedings{anderson2018bottom,
  title={Bottom-up and top-down attention for image captioning and visual question answering},
  author={Anderson, Peter and He, Xiaodong and Buehler, Chris and Teney, Damien and Johnson, Mark and Gould, Stephen and Zhang, Lei},
  booktitle={Proceedings of the IEEE Conference on Computer Vision and Pattern Recognition},
  pages={6077--6086},
  year={2018}
}

@inproceedings{luong2015effective,
  title={Effective Approaches to Attention-based Neural Machine Translation},
  author={Luong, Minh-Thang and Pham, Hieu and Manning, Christopher D},
  booktitle={Proceedings of the 2015 Conference on Empirical Methods in Natural Language Processing},
  pages={1412--1421},
  year={2015}
}


@inproceedings{vaswani2017attention,
  title={Attention is all you need},
  author={Vaswani, Ashish and Shazeer, Noam and Parmar, Niki and Uszkoreit, Jakob and Jones, Llion and Gomez, Aidan N and Kaiser, {\L}ukasz and Polosukhin, Illia},
  booktitle={Advances in Neural Information Processing Systems},
  pages={5998--6008},
  year={2017}
}

@inproceedings{liu2016neural,
  title={Neural Machine Translation with Supervised Attention},
  author={Liu, Lemao and Utiyama, Masao and Finch, Andrew and Sumita, Eiichiro},
  booktitle={Proceedings of COLING 2016, the 26th International Conference on Computational Linguistics: Technical Papers},
  pages={3093--3102},
  year={2016}
}

@inproceedings{zou2018lexicon,
  title={A lexicon-based supervised attention model for neural sentiment analysis},
  author={Zou, Yicheng and Gui, Tao and Zhang, Qi and Huang, Xuanjing},
  booktitle={Proceedings of the 27th International Conference on Computational Linguistics},
  pages={868--877},
  year={2018}
}


@inproceedings{zampieri2019semeval,
  title={SemEval-2019 Task 6: Identifying and Categorizing Offensive Language in Social Media (OffensEval)},
  author={Zampieri, Marcos and Malmasi, Shervin and Nakov, Preslav and Rosenthal, Sara and Farra, Noura and Kumar, Ritesh},
  booktitle={Proceedings of the 13th International Workshop on Semantic Evaluation},
  pages={75--86},
  year={2019}
}
@inproceedings{pavlopoulos2017deeper,
  title={Deeper attention to abusive user content moderation},
  author={Pavlopoulos, John and Malakasiotis, Prodromos and Androutsopoulos, Ion},
  booktitle={Proceedings of the 2017 conference on empirical methods in natural language processing},
  pages={1125--1135},
  year={2017}
}

@inproceedings{mathew2019thou,
  title={Thou shalt not hate: Countering online hate speech},
  author={Mathew, Binny and Saha, Punyajoy and Tharad, Hardik and Rajgaria, Subham and Singhania, Prajwal and Maity, Suman Kalyan and Goyal, Pawan and Mukherjee, Animesh},
  booktitle={Proceedings of the International AAAI Conference on Web and Social Media},
  volume={13},
  pages={369--380},
  year={2019}
}

@article{maity2018opinion,
  title={Opinion conflicts: An effective route to detect incivility in Twitter},
  author={Maity, Suman Kalyan and Chakraborty, Aishik and Goyal, Pawan and Mukherjee, Animesh},
  journal={Proceedings of the ACM on Human-Computer Interaction},
  volume={2},
  number={CSCW},
  pages={1--27},
  year={2018},
  publisher={ACM New York, NY, USA}
}

@inproceedings{qian2019benchmark,
  title={A Benchmark Dataset for Learning to Intervene in Online Hate Speech},
  author={Qian, Jing and Bethke, Anna and Liu, Yinyin and Belding, Elizabeth and Wang, William Yang},
  booktitle={Proceedings of the 2019 Conference on Empirical Methods in Natural Language Processing and the 9th International Joint Conference on Natural Language Processing (EMNLP-IJCNLP)},
  pages={4757--4766},
  year={2019}
}

@inproceedings{zhou2016attentionsentiment,
  title={Attention-based LSTM network for cross-lingual sentiment classification},
  author={Zhou, Xinjie and Wan, Xiaojun and Xiao, Jianguo},
  booktitle={Proceedings of the 2016 conference on empirical methods in natural language processing},
  pages={247--256},
  year={2016}
}

@inproceedings{bao2018deriving,
  title={Deriving Machine Attention from Human Rationales},
  author={Bao, Yujia and Chang, Shiyu and Yu, Mo and Barzilay, Regina},
  booktitle={Proceedings of the 2018 Conference on Empirical Methods in Natural Language Processing},
  pages={1903--1913},
  year={2018}
}

@inproceedings{liu2017exploiting,
  title={Exploiting argument information to improve event detection via supervised attention mechanisms},
  author={Liu, Shulin and Chen, Yubo and Liu, Kang and Zhao, Jun},
  booktitle={Proceedings of the 55th Annual Meeting of the Association for Computational Linguistics (Volume 1: Long Papers)},
  volume={1},
  pages={1789--1798},
  year={2017}
}


@inproceedings{kamigaito2017supervised,
  title={Supervised Attention for Sequence-to-Sequence Constituency Parsing},
  author={Kamigaito, Hidetaka and Hayashi, Katsuhiko and Hirao, Tsutomu and Takamura, Hiroya and Okumura, Manabu and Nagata, Masaaki},
  booktitle={Proceedings of the Eighth International Joint Conference on Natural Language Processing (Volume 2: Short Papers)},
  volume={2},
  pages={7--12},
  year={2017}
}

@article{power2017lexical,
  title={A lexical database for public textual cyberbullying detection},
  author={Power, Aurelia and Keane, Anthony and Nolan, Brian and O'Neill, Brian},
  journal={Revista de Lenguas para Fines Espec{\'\i}ficos},
  volume={23},
  number={2},
  pages={157--186},
  year={2017}
}


@misc{tweet_preprocessor,
    author = {Said \"{O}zcan},
    title = {Tweet-preprocessor},
    howpublished = {\url{http://preprocessor.readthedocs.org/}},
    year = {2016},
    note = {Accessed: 2020-08-01},
  }

@inproceedings{davis2006relationship,
  title={The relationship between Precision-Recall and ROC curves},
  author={Davis, Jesse and Goadrich, Mark},
  booktitle={Proceedings of the 23rd international conference on Machine learning},
  pages={233--240},
  year={2006},
  organization={ACM}
}

@inproceedings{owoputi2013improved,
  title={Improved part-of-speech tagging for online conversational text with word clusters},
  author={Owoputi, Olutobi and O'Connor, Brendan and Dyer, Chris and Gimpel, Kevin and Schneider, Nathan and Smith, Noah A},
  booktitle={Proceedings of the 2013 conference of the North American chapter of the association for computational linguistics: human language technologies},
  pages={380--390},
  year={2013}
}


@inproceedings{mikolov2013distributed,
  title={Distributed representations of words and phrases and their compositionality},
  author={Mikolov, Tomas and Sutskever, Ilya and Chen, Kai and Corrado, Greg S and Dean, Jeff},
  booktitle={Advances in neural information processing systems},
  pages={3111--3119},
  year={2013}
}

@inproceedings{pennington2014glove,
  title={Glove: Global vectors for word representation},
  author={Pennington, Jeffrey and Socher, Richard and Manning, Christopher},
  booktitle={Proceedings of the 2014 conference on empirical methods in natural language processing (EMNLP)},
  pages={1532--1543},
  year={2014}
}


@article{amari1993backpropagation,
  title={Backpropagation and stochastic gradient descent method},
  author={Amari, Shun-ichi},
  journal={Neurocomputing},
  volume={5},
  number={4-5},
  pages={185--196},
  year={1993},
  publisher={Elsevier}
}

@INPROCEEDINGS{opinionlexicon,
    author = {Edward Loper and Steven Bird},
    title = {NLTK: The Natural Language Toolkit},
    booktitle = {In Proceedings of the ACL Workshop on Effective Tools and Methodologies for Teaching Natural Language Processing and Computational Linguistics. Philadelphia: Association for Computational Linguistics},
    year = {2002}
}
  
  @inproceedings{mondal2017measurement,
  title={A measurement study of hate speech in social media},
  author={Mondal, Mainack and Silva, Leandro Ara{\'u}jo and Benevenuto, Fabr{\'\i}cio},
  booktitle={Proceedings of the 28th acm conference on hypertext and social media},
  pages={85--94},
  year={2017}
}
  
  @inproceedings{badjatiya2017deep,
  title={Deep learning for hate speech detection in tweets},
  author={Badjatiya, Pinkesh and Gupta, Shashank and Gupta, Manish and Varma, Vasudeva},
  booktitle={Proceedings of the 26th International Conference on World Wide Web Companion},
  pages={759--760},
  year={2017}
}
@inproceedings{salminen2018anatomy,
  title={Anatomy of Online Hate: Developing a Taxonomy and Machine Learning Models for Identifying and Classifying Hate in Online News Media.},
  author={Salminen, Joni and Almerekhi, Hind and Milenkovic, Milica and Jung, Soon-gyo and An, Jisun and Kwak, Haewoon and Jansen, Bernard J},
  booktitle={ICWSM},
  pages={330--339},
  year={2018}
}

@article{fortuna2018survey,
  title={A Survey on Automatic Detection of Hate Speech in Text},
  author={Fortuna, Paula and Nunes, S{\'e}rgio},
  journal={ACM Computing Surveys (CSUR)},
  volume={51},
  number={4},
  pages={85},
  year={2018},
  publisher={ACM}
}

@misc{tube,
  title = {YouTube's Hate speech policy},
  author = {Youtube},
  howpublished = {\url{https://support.google.com/youtube/answer/2801939?hl$=$en}},
  note = {Accessed: 2018-11-03}
}

@article{patchin2015measuring,
  title={Measuring cyberbullying: Implications for research},
  author={Patchin, Justin W and Hinduja, Sameer},
  journal={Aggression and Violent Behavior},
  volume={23},
  pages={69--74},
  year={2015},
  publisher={Elsevier}
}

@article{peter2018cyberbullying,
  title={Cyberbullying: A concept analysis of defining attributes and additional influencing factors},
  author={Peter, Ira-Katharina and Petermann, Franz},
  journal={Computers in human behavior},
  volume={86},
  pages={350--366},
  year={2018},
  publisher={Elsevier}
}
@inproceedings{rezvan2018quality,
  title={A quality type-aware annotated corpus and lexicon for harassment research},
  author={Rezvan, Mohammadreza and Shekarpour, Saeedeh and Balasuriya, Lakshika and Thirunarayan, Krishnaprasad and Shalin, Valerie L and Sheth, Amit},
  booktitle={Proceedings of the 10th ACM Conference on Web Science},
  pages={33--36},
  year={2018}
}

@inproceedings{zampieri2019predicting,
  title={Predicting the Type and Target of Offensive Posts in Social Media},
  author={Zampieri, Marcos and Malmasi, Shervin and Nakov, Preslav and Rosenthal, Sara and Farra, Noura and Kumar, Ritesh},
  booktitle={Proceedings of the 2019 Conference of the North American Chapter of the Association for Computational Linguistics: Human Language Technologies, Volume 1 (Long and Short Papers)},
  pages={1415--1420},
  year={2019}
}

@inproceedings{gibert2018hate,
    title = {Hate Speech Dataset from a White Supremacy Forum},
    author = {de Gibert, Ona  and
      Perez, Naiara  and
      Garc{\'\i}a-Pablos, Aitor  and
      Cuadros, Montse},
    booktitle = "Proceedings of the 2nd Workshop on Abusive Language Online ({ALW}2)",
    month = oct,
    year = "2018",
    address = "Brussels, Belgium",
    publisher = "Association for Computational Linguistics",
    url = "https://www.aclweb.org/anthology/W18-5102",
    doi = "10.18653/v1/W18-5102",
    pages = "11--20",
}