@inproceedings{Tellex2011,
    author={Tellex, Stefanie and Kollar, Thomas and Dickerson, Steven and Walter, Matthew R. and Banerjee, Ashis Gopal and Teller, Seth and Roy, Nicholas},
    title={Understanding Natural Language Commands for Robotic Navigation and Mobile Manipulation},
    year={2011},
    booktitle={AAAI}
}

@article{Tellex2020,
    author = {Tellex, Stefanie and Gopalan, Nakul and Kress-Gazit, Hadas and Matuszek, Cynthia},
    title = {Robots That Use Language},
    journal = {Annual Review of Control, Robotics, and Autonomous Systems},
    volume = {3},
    number = {1},
    pages = {25-55},
    year = {2020},
}

@inproceedings{srivastava2017_explanation,
    title = "Joint Concept Learning and Semantic Parsing from Natural Language Explanations",
    author = "Srivastava, Shashank  and
      Labutov, Igor  and
      Mitchell, Tom",
    booktitle = "EMNLP 2017",
    month = sep,
    year = "2017",
    publisher = "ACL",
    pages = "1527--1536",
}

@inproceedings{kim2009people,
  title={How people talk when teaching a robot},
  author={Kim, Elizabeth S and Leyzberg, Dan and Tsui, Katherine M and Scassellati, Brian},
  booktitle={ACM/IEEE {I}nternational {C}onference on Human-{R}obot {I}nteraction},
  pages={23--30},
  year={2009}
}

@article{tukey1953section,
  title={Section of mathematics and engineering: Some selected quick and easy methods of statistical analysis},
  author={Tukey, John W},
  journal={Transactions of the New York Academy of Sciences},
  volume={16},
  number={2 Series II},
  pages={88--97},
  year={1953},
  publisher={Wiley Online Library}
}

@inproceedings{jiang2011target,
  title={Target-dependent twitter sentiment classification},
  author={Jiang, Long and Yu, Mo and Zhou, Ming and Liu, Xiaohua and Zhao, Tiejun},
  booktitle={AACL},
  pages={151--160},
  year={2011}
}

@inproceedings{xu2019bertsentiment,
  title={BERT Post-Training for Review Reading Comprehension and Aspect-based Sentiment Analysis},
  author={Xu, Hu and Liu, Bing and Shu, Lei and Philip, S Yu},
  booktitle={NAACL},
  year={2019}
}

@inproceedings{hu2004mining,
  title={Mining and summarizing customer reviews},
  author={Hu, Minqing and Liu, Bing},
  booktitle={SIGKDD},
  pages={168--177},
  year={2004}
}

@article{goyal2020pixl2r,
      title={PixL2R: Guiding Reinforcement Learning Using Natural Language by Mapping Pixels to Rewards}, 
      author={Prasoon Goyal and Scott Niekum and Raymond J. Mooney},
      year={2020},
        journal={arXiv},
        volume={abs/2002.04833},
      primaryClass={cs.LG}
}

@book{liu2020sentiment,
  title={Sentiment {A}nalysis: {M}ining {O}pinions, {S}entiments, and {E}motions},
  author={Liu, Bing},
  year={2020},
  publisher={Cambridge {U}niversity {P}ress}
}

@article{li2016dialogue,
    title={Dialogue Learning With Human-In-The-Loop},
    author={Jiwei Li and Alexander H. Miller and Sumit Chopra and Marc'Aurelio Ranzato and Jason Weston},
    year={2016},
    journal={arXiv},
    volume={abs/1611.09823}
}

@article{zhou2020inverse,
    title={Inverse Reinforcement Learning with Natural Language Goals},
    author={Li Zhou and Kevin Small},
    year={2020},
    eprint={2008.06924},
    journal={arXiv},
    volume={abs/2008.06924}
}

@article{Hancock_2018_explanation,
   title={Training Classifiers with Natural Language Explanations},
   journal={ACL},
   author={Hancock, Braden and Varma, Paroma and Wang, Stephanie and Bringmann, Martin and Liang, Percy and Ré, Christopher},
   year={2018}
}


@article{szlam2019build,
    title={Why Build an Assistant in Minecraft?},
    author={Arthur Szlam and Jonathan Gray and Kavya Srinet and Yacine Jernite and Armand Joulin and Gabriel Synnaeve and Douwe Kiela and Haonan Yu and Zhuoyuan Chen and Siddharth Goyal and Demi Guo and Danielle Rothermel and C. Lawrence Zitnick and Jason Weston},
    year={2019},
    journal={arXiv},
    volume={abs/1907.09273}
}

@inproceedings{artzi_2011_bootstrapping,
    title = "Bootstrapping {S}emantic {P}arsers from {C}onversations",
    author = "Artzi, Yoav  and
      Zettlemoyer, Luke",
    booktitle = "EMNLP 2011",
    month = jul,
    year = "2011",
    publisher = "ACL",
    pages = "421--432",
}

@article{fraser2018_natural_language_agent,
author = {Allison, Fraser and Luger, Ewa and Hofmann, Katja},
year = {2018},
month = {12},
pages = {},
title = {How Players Speak to an Intelligent Game Character Using Natural Language Messages},
volume = {4},
journal = {Transactions of the Digital Games Research Association},
}

@article{goodman_2016,
title = "Pragmatic Language Interpretation as Probabilistic Inference",
journal = "Trends in Cognitive Sciences",
volume = "20",
number = "11",
pages = "818 - 829",
year = "2016",
author = "Noah D. Goodman and Michael C. Frank"
}

@incollection{grice1975logic,
  address = {New York},
  author = {Grice, H. P.},
  booktitle = {Syntax and {S}emantics: {V}ol. 3: {S}peech {A}cts},
  pages = {41-58},
  publisher = {Academic Press},
  title = {Logic and Conversation},
  year = 1975
}

@article{Pang_2008,
author = {Pang, Bo and Lee, Lillian},
title = {Opinion Mining and Sentiment Analysis},
year = {2008},
issue_date = {January 2008},
publisher = {Now Publishers Inc.},
address = {Hanover, MA, USA},
volume = {2},
number = {1–2},
journal = {Foundational Trends in Information Retrieval},
month = jan,
pages = {1–135},
numpages = {135}
}

@Inbook{Liu2012,
author="Liu, Bing
and Zhang, Lei",
editor="Aggarwal, Charu C.
and Zhai, ChengXiang",
title="A Survey of Opinion Mining and Sentiment Analysis",
bookTitle="Mining Text Data",
year="2012",
publisher="Springer US",
address="Boston, MA",
pages="415--463",
}

@inproceedings{HuttoG14,
  author = {Hutto, Clayton J. and Gilbert, Eric},
  booktitle = {ICWSM},
  publisher = {The AAAI Press},
  title = {VADER: A Parsimonious Rule-Based Model for Sentiment Analysis of Social Media Text.},
  year = 2014
}

@inproceedings{maclin_1994,
title = "Incorporating advice into agents that learn from reinforcements",
author = "Richard Maclin and Shavlik, Jude W.",
year = "1994",
publisher = "AAAI",
}

@article{kuhlman_2004,
author = {Kuhlmann, Gregory and Stone, Peter and Mooney, Raymond and Shavlik, Jude},
year = {2004},
month = {06},
pages = {},
title = {Guiding a reinforcement learner with natural language advice: Initial results in RoboCup soccer},
journal = {AAAI Workshop - Technical Report}
}

@inproceedings{Ling2017_captions,
  title={Teaching Machines to Describe Images with Natural Language Feedback},
  author={Huan Ling and S. Fidler},
  booktitle={NIPS},
  year={2017}
}

@article{Hattie_2007,
author = {John Hattie and Helen Timperley},
title ={The Power of Feedback},
journal = {Review of Educational Research},
volume = {77},
number = {1},
pages = {81-112},
year = {2007},}

@book{Train2003,
author = {Train, Kenneth},
publisher = {Cambridge University Press},
title = {{Discrete Choice Methods with Simulation}},
year = {2003},
}

@article{mcfadden1974conditional, 
title = {Conditional logit analysis of qualitative choice behavior}, 
journal = {Frontiers in {E}conometrics}, pages = {105--142}, series= {Frontiers in econometrics}, author = {McFadden, Daniel}, 
publisher = {New York: Academic Press.}, year = {1974}, }

@article{cideron2019selfeducated,
    title={Self-Educated Language Agent With Hindsight Experience Replay For Instruction Following},
    author={Geoffrey Cideron and Mathieu Seurin and Florian Strub and Olivier Pietquin},
  journal={arXiv},
  year={2019},
  volume={abs/1910.09451}
}

@article{ilinykh2019meetup,
    title={MeetUp! A Corpus of Joint Activity Dialogues in a Visual Environment},
    author={Nikolai Ilinykh and Sina Zarrieß and David Schlangen},
    year={2019},
    journal={arXiv},
    volume={abs/1907.05084},
}

@inproceedings{thomason_2015,
author = {Thomason, Jesse and Zhang, Shiqi and Mooney, Raymond and Stone, Peter},
title = {Learning to Interpret Natural Language Commands through Human-Robot Dialog},
year = {2015},
publisher = {AAAI Press},
booktitle = {Proceedings of the 24th International Conference on Artificial Intelligence},
pages = {1923–1929},
numpages = {7},
location = {Buenos Aires, Argentina},
series = {IJCAI'15}
}

@INPROCEEDINGS{tellex_2018_rewards,
  author={E. C. {Williams} and N. {Gopalan} and M. {Rhee} and S. {Tellex}},
  booktitle={ICRA}, 
  title={Learning to Parse Natural Language to Grounded Reward Functions with Weak Supervision}, 
  year={2018},
  volume={},
  number={},
  pages={4430-4436},}

@article{Lipnevich_education,
author = {Lipnevich, A.A. and Smith, J.K.},
year = {2009},
pages = {319-333},
title = {Effects of differential feedback on students' examination performance},
volume = {15},
number = {4},
journal = {Journal of Experimental Psychology: Applied}
}

@article{Kim_2014,
   title={Convolutional Neural Networks for Sentence Classification},
   journal={EMNLP 2014},
   publisher={Association for Computational Linguistics},
   author={Kim, Yoon},
   year={2014}
}



@article{von_glaserfeld_1989,
	Author = {von Glasersfeld, Ernst},
	Journal = {Synthese},
	Number = {1},
	Pages = {121--140},
	Title = {Cognition, construction of knowledge, and teaching},
	Volume = {80},
	Year = {1989}}



@article{van_der_klej_2015,
author = {van der Kleij, Fabienne and Feskens, R.C.W. and Eggen, Theo},
year = {2015},
month = {01},
pages = {},
title = {Effects of Feedback in a Computer-Based Learning Environment on Students' Learning Outcomes: A Meta-Analysis},
volume = {85},
journal = {Review of Educational Research},
}

@article{shute_2008,
author = {Valerie J. Shute},
title ={Focus on Formative Feedback},
journal = {Review of Educational Research},
volume = {78},
number = {1},
pages = {153-189},
year = {2008}}
  
@online{murphy_2007,
author = {Murphy, Kevin},
year = {2007},
publisher={University of British Colombia},
pages = {},
title = {Conjugate Bayesian analysis of the Gaussian distribution},
URL={https://www.cs.ubc.ca/~murphyk/Papers/bayesGauss.pdf},
note = {Accessed 9/15/2020}
}
 
@article{thomason_2020,
title={Jointly Improving Parsing and Perception for Natural Language Commands through Human-Robot Dialog},
author={Jesse Thomason and Aishwarya Padmakumar and Jivko Sinapov and Nick Walker and Yuqian Jiang and Harel Yedidsion and Justin Hart and Peter Stone and Raymond J. Mooney},
volume={67},
journal={The Journal of Artificial Intelligence Research (JAIR)},
month={February},
pages={327-374},
year={2020}
}

@article{Suhr_2019,
   title={Executing Instructions in Situated Collaborative Interactions},
   journal={EMNLP 2019},
   publisher={Association for Computational Linguistics},
   author={Suhr, Alane and Yan, Claudia and Schluger, Jack and Yu, Stanley and Khader, Hadi and Mouallem, Marwa and Zhang, Iris and Artzi, Yoav},
   year={2019}
}


@article{thomason2019visionanddialog,
    title={Vision-and-Dialog Navigation},
    author={Jesse Thomason and Michael Murray and Maya Cakmak and Luke Zettlemoyer},
    year={2019},
    journal={arXiv},
    volume={abs/1907.04957},
}

@article{Udagawa_2019,
   title={A Natural Language Corpus of Common Grounding under Continuous and Partially-Observable Context},
   volume={33},
   ISSN={2159-5399},
   journal={AAAI},
   author={Udagawa, Takuma and Aizawa, Akiko},
   year={2019},
   month={Jul},
   pages={7120–7127}
}


@article{He_2017,
   title={Learning Symmetric Collaborative Dialogue Agents with Dynamic
            Knowledge Graph Embeddings},
   journal={ACL},
   author={He, He and Balakrishnan, Anusha and Eric, Mihail and Liang, Percy},
   year={2017}
}

@inproceedings{potts_2012,
  Author = {Potts, Christopher},
  Booktitle = {Proceedings of the 30th {W}est {C}oast {C}onference on {F}ormal {L}inguistics},
  Editor = {Arnett, Nathan  and  Bennett, Ryan},
  Title = {Goal-Driven Answers in the {C}ards Dialogue Corpus},
  Year = {2012},
  Pages = {1--20}}

@inproceedings{Djalali_2012,
  Address = {Berlin},
  Author = {Djalali, Alex  and  Lauer, Sven  and  Potts, Christopher},
  Booktitle = {Proceedings of the 18th {A}msterdam Colloquium: Revised Selected Papers},
  Editor = {Aloni, Maria  and   Kimmelman, Vadim  and  Roelofsen, Floris  and  Sassoon, Galit Weidman  and  Schulz, Katrin  and Westera, Matthijs},
  Publisher = {Springer},
  Title = {Corpus Evidence for Preference-Driven Interpretation},
  Year = {2012},
  Pages = {150--159}}

@inproceedings{Djalali2011,
  Address = {Washington, DC},
  Author = {Djalali, Alex  and  Clausen, David  and  Lauer, Sven  and  Schultz, Karl  and  Potts, Christopher},
  Booktitle = {Proceedings of the {AAAI} Workshop on Building Representations of Common Ground with Intelligent Agents},
  Month = {November},
  Publisher = {AAAI Press},
  Title = {Modeling Expert Effects and Common Ground Using {Q}uestions {U}nder {D}iscussion},
  Year = {2011}}

@inproceedings{Bahdanau_2019,
  author    = {Dzmitry Bahdanau and
               Felix Hill and
               Jan Leike and
               Edward Hughes and
               Seyed Arian Hosseini and
               Pushmeet Kohli and
               Edward Grefenstette},
  title     = {Learning to Understand Goal Specifications by Modelling Reward},
  booktitle = {{ICLR} 2019},
  year      = {2019},
}

@article{chevalier_boisvert_2018,
  author    = {Maxime Chevalier{-}Boisvert and
               Dzmitry Bahdanau and
               Salem Lahlou and
               Lucas Willems and
               Chitwan Saharia and
               Thien Huu Nguyen and
               Yoshua Bengio},
  title     = {BabyAI: First Steps Towards Grounded Language Learning With a Human
               In the Loop},
  year      = {2018},
  journal={arXiv},
    volume={abs/1810.08272},
}

@inproceedings{wang_2019_navigation,
  author={Xin Wang and Qiuyuan Huang and Asli Çelikyilmaz and Jianfeng Gao and Dinghan Shen and Yuan-Fang Wang and William Yang Wang and Lei Zhang},
  title={Reinforced Cross-Modal Matching and Self-Supervised Imitation Learning for Vision-Language Navigation},
  year={2019},
  cdate={1546300800000},
  pages={6629-6638},
  booktitle={CVPR},
}

@article{fu_2019_goals,
  author    = {Justin Fu and
               Anoop Korattikara and
               Sergey Levine and
               Sergio Guadarrama},
  title     = {From Language to Goals: Inverse Reinforcement Learning for Vision-Based
               Instruction Following},
  year      = {2019},
    journal={arXiv},
    volume={abs/1902.07742},
}

@article{kaplan_atari,
  author    = {Russell Kaplan and
               Christopher Sauer and
               Alexander Sosa},
  title     = {Beating Atari with Natural Language Guided Reinforcement Learning},
  year      = {2017},
      journal={arXiv},
    volume={abs/1704.05539},
}

@article{gureckis_2016,
author={Gureckis, Todd M.
and Martin, Jay
and McDonnell, John
and Rich, Alexander S.
and Markant, Doug
and Coenen, Anna
and Halpern, David
and Hamrick, Jessica B.
and Chan, Patricia},
title={psi{T}urk: An open-source framework for conducting replicable behavioral experiments online},
journal={Behavior Research Methods},
year={2016},
volume={48},
number={3},
}

@article{argall2009survey,
  title={A survey of robot learning from demonstration},
  author={Argall, Brenna D and Chernova, Sonia and Veloso, Manuela and Browning, Brett},
  journal={Robotics and autonomous systems},
  volume={57},
  number={5},
  pages={469--483},
  year={2009},
  publisher={Elsevier}
}

@inproceedings{Knox2009Interactively,
    author = {Knox, W. Bradley and Stone, Peter},
    title = {Interactively Shaping Agents via Human Reinforcement: The TAMER Framework},
    year = {2009},
    publisher = {Association for Computing Machinery},
    address = {New York, NY, USA},
    booktitle = {Proceedings of the Fifth International Conference on Knowledge Capture},
    pages = {9–16},
    numpages = {8},
}

@inproceedings{macglashan2017interactive,
    author = {MacGlashan, James and Ho, Mark K and Loftin, Robert and Peng, Bei and Wang, Guan and Roberts, David L. and Taylor, Matthew E. and Littman, Michael L.},
    title = {Interactive Learning from Policy-Dependent Human Feedback},
    year = {2017},
    publisher = {JMLR},
    numpages = {10},
}

@inproceedings{abbeel2004apprenticeship,
    author = {Abbeel, Pieter and Ng, Andrew Y.},
    title = {Apprenticeship Learning via Inverse Reinforcement Learning},
    year = {2004},
    address = {New York, NY, USA},
    pages = {1},
    numpages = {8},
    location = {Banff, Alberta, Canada},
    series = {ICML}
}

@inproceedings{judah2010_critique,
author = {Judah, Kshitij and Roy, Saikat and Fern, Alan and Dietterich, Thomas G.},
title = {Reinforcement Learning via Practice and Critique Advice},
year = {2010},
booktitle = {AAAI}
}

@book{clark1996using,
  title={Using {L}anguage},
  author={Clark, Herbert H},
  year={1996},
  publisher={Cambridge {U}niversity {P}ress}
}

@inproceedings{chen-etal-2017-line,
    title = "On-line Dialogue Policy Learning with Companion Teaching",
    author = "Chen, Lu  and
      Yang, Runzhe  and
      Chang, Cheng  and
      Ye, Zihao  and
      Zhou, Xiang  and
      Yu, Kai",
    booktitle = "Proceedings of the 15th Conference of the {E}uropean Chapter of the Association for Computational Linguistics",
    month = apr,
    year = "2017",
    address = "Valencia, Spain",
    publisher = "Association for Computational Linguistics",
    pages = "198--204",
}

@article{thomaz2008teachable,
  title={Teachable robots: Understanding human teaching behavior to build more effective robot learners},
  author={Thomaz, Andrea L and Breazeal, Cynthia},
  journal={Artificial Intelligence},
  volume={172},
  number={6-7},
  pages={716--737},
  year={2008},
  publisher={Elsevier}
}

@incollection{HadfieldMenell2016cooperative,
    title = {Cooperative Inverse Reinforcement Learning},
    author = {Hadfield-Menell, Dylan and Russell, Stuart J and Abbeel, Pieter and Dragan, Anca},
    booktitle = {NeurIPS},
    editor = {D. D. Lee and M. Sugiyama and U. V. Luxburg and I. Guyon and R. Garnett},
    pages = {3909--3917},
    year = {2016},
    publisher = {Curran Associates, Inc.},
}

@article{kuznetsova2017lmertest,
  title={lmerTest package: tests in linear mixed effects models},
  author={Kuznetsova, Alexandra and Brockhoff, Per B and Christensen, R.H.B.},
  journal={Journal of statistical software},
  volume={82},
  number={13},
  year={2017},
  pages={1--26},
  
}

@inproceedings{Dragan2013Legibility,
    author = {Dragan, Anca D. and Lee, Kenton C.T. and Srinivasa, Siddhartha S.},
    title = {Legibility and Predictability of Robot Motion},
    year = {2013},
    booktitle = {ACM/IEEE International Conference on Human-Robot Interaction},
}

@inproceedings{ramachandran2007bayesian,
  title={Bayesian Inverse Reinforcement Learning.},
  author={Ramachandran, Deepak and Amir, Eyal},
  year={2007},
  booktitle={ IJCAI },
  volume={7},
    pages={2586--2591},
}

@inproceedings{luketina2019survey,
  title={A Survey of Reinforcement Learning Informed by Natural Language},
  author={Luketina, J and Nardelli, N and Farquhar, G and Foerster, J and Andreas, J and Grefenstette, E and Whiteson, S and Rockt{\"a}schel, T},
  booktitle={ IJCAI 2019},
  volume={57},
  year={2019},
  organization={AAAI Press}
}

@inproceedings{goyal2019using,
  title={Using natural language for reward shaping in reinforcement learning},
  author={Goyal, Prasoon and Niekum, Scott and Mooney, Raymond J},
  booktitle={IJCAI},
  pages={2385--2391},
  year={2019},
  organization={AAAI Press}
}

@article{jeon2020rewardrational,
    title={Reward-rational (implicit) choice: A unifying formalism for reward learning},
    author={Hong Jun Jeon and Smitha Milli and Anca D. Dragan},
    year={2020},
    journal={arXiv},
    volume={abs/2002.04833},
}

@inproceedings{christiano2017deep,
  title={Deep {R}einforcement {L}earning from {H}uman {P}references},
      author={Christiano, Paul F and Leike, Jan and Brown, Tom and Martic, Miljan and Legg, Shane and Amodei, Dario},
  booktitle={NeurIPS},
  pages={4299--4307},
  year={2017}
}
  
@inproceedings{ho2016showing,
  title={Showing versus {D}oing: Teaching by {D}emonstration},
  author={Ho, Mark K and Littman, Michael and MacGlashan, James and Cushman, Fiery and Austerweil, Joseph L},
  booktitle={NeurIPS},
  pages={3027--3035},
  year={2016}
}

@inproceedings{ross2010efficient,
  title={Efficient reductions for imitation learning},
  author={Ross, St{\'e}phane and Bagnell, Drew},
  booktitle={AISTATS},
  pages={661--668},
  year={2010}
}
  
@article{narasimhan2018grounding,
  title={Grounding language for transfer in deep reinforcement learning},
  author={Narasimhan, Karthik and Barzilay, Regina and Jaakkola, Tommi},
  journal={Journal of Artificial Intelligence Research},
  volume={63},
  pages={849--874},
  year={2018}
}

@inproceedings{macglashan2015grounding,
  title={Grounding English Commands to Reward Functions.},
  author={MacGlashan, James and Babes-Vroman, Monica and Marie desJardins and Littman, Michael L and Muresan, Smaranda and Squire, Shawn and Tellex, Stefanie and Arumugam, Dilip and Yang, Lei},
  booktitle={Robotics: Science and Systems},
  year={2015}
}

@article{Arumugam_2017,
   title={Accurately and Efficiently Interpreting Human-Robot Instructions of Varying Granularities},
   journal={Robotics: Science and Systems XIII},
   publisher={Robotics: Science and Systems Foundation},
   author={Arumugam, Dilip and Karamcheti, Siddharth and Gopalan, Nakul and Wong, Lawson and Tellex, Stefanie},
   year={2017},
}

@article{Wang_2016,
   title={Learning Language Games through Interaction},
   journal={ACL},
   publisher={ACL},
   author={Wang, Sida I. and Liang, Percy and Manning, Christopher D.},
   year={2016}
}

@book{puterman1994markov,
  title={Markov Decision Processes: Discrete Stochastic Dynamic Programming},
  author={Puterman, Martin L},
  year={1994},
  publisher={John Wiley \& Sons, Inc.}
}
@book{bellman1957dynamic,
  title={Dynamic programming},
  author={Bellman, Richard},
  year={1957},
  publisher={Princeton University Press}
}

@inproceedings{mooney2008learning,
  title={Learning to Connect Language and Perception.},
  author={Mooney, Raymond J},
  booktitle={AAAI},
  pages={1598--1601},
  year={2008}
}

@article{harnad1990symbol,
  title={The symbol grounding problem},
  author={Harnad, Stevan},
  journal={Physica D: Nonlinear Phenomena},
  volume={42},
  number={1-3},
  pages={335--346},
  year={1990},
  publisher={Elsevier}
}