

@inproceedings{lalonde2007using,
  title={Using color compatibility for assessing image realism},
  author={Lalonde, Jean-Francois and Efros, Alexei A},
  booktitle={ICCV},
  year={2007}
}

@inproceedings{tsai2017deep,
  title={Deep image harmonization},
  author={Tsai, Yi-Hsuan and Shen, Xiaohui and Lin, Zhe and Sunkavalli, Kalyan and Lu, Xin and Yang, Ming-Hsuan},
  booktitle={CVPR},
  year={2017}
}

@inproceedings{cong2020dovenet,
  title={Dovenet: Deep image harmonization via domain verification},
  author={Cong, Wenyan and Zhang, Jianfu and Niu, Li and Liu, Liu and Ling, Zhixin and Li, Weiyuan and Zhang, Liqing},
  booktitle={CVPR},
  year={2020}
}

@inproceedings{luan2018deep,
  title={Deep painterly harmonization},
  author={Luan, Fujun and Paris, Sylvain and Shechtman, Eli and Bala, Kavita},
  booktitle={CGF},
  year={2018}
}

@inproceedings{peng2019element,
  title={Element-Embedded Style Transfer Networks for Style Harmonization.},
  author={Peng, Hwai-Jin and Wang, Chia-Ming and Wang, Yu-Chiang Frank},
  booktitle={BMVC},
  year={2019}
}

@inproceedings{zhang2020deep,
  title={Deep image blending},
  author={Zhang, Lingzhi and Wen, Tarmily and Shi, Jianbo},
  booktitle={WACV},
  year={2020}
}

@inproceedings{gatys2016image,
  title={Image style transfer using convolutional neural networks},
  author={Gatys, Leon A and Ecker, Alexander S and Bethge, Matthias},
  booktitle={CVPR},
  year={2016}
}

@inproceedings{huang2017arbitrary,
  title={Arbitrary style transfer in real-time with adaptive instance normalization},
  author={Huang, Xun and Belongie, Serge},
  booktitle={ICCV},
  year={2017}
}

@article{huang2019temporally,
  title={Temporally coherent video harmonization using adversarial networks},
  author={Huang, Hao-Zhi and Xu, Sen-Zhe and Cai, Jun-Xiong and Liu, Wei and Hu, Shi-Min},
  journal={IEEE Transactions on Image Processing},
  volume={29},
  pages={214--224},
  year={2019}
}

@inproceedings{song2020illumination,
  title={Illumination harmonization with gray mean scale},
  author={Song, Shuangbing and Zhong, Fan and Qin, Xueying and Tu, Changhe},
  booktitle={CGI},
  year={2020}
}

@article{xue2012understanding,
  title={Understanding and improving the realism of image composites},
  author={Xue, Su and Agarwala, Aseem and Dorsey, Julie and Rushmeier, Holly},
  journal={ACM Transactions on graphics (TOG)},
  volume={31},
  number={4},
  pages={1--10},
  year={2012}
}

@article{multi-scale,
author    = {Kalyan Sunkavalli and
               Micah K. Johnson and
               Wojciech Matusik and
               Hanspeter Pfister},
  title     = {Multi-scale image harmonization},
  journal   = {{ACM} Transactions on Graphics},
  volume    = {29},
  number    = {4},
  pages     = {125:1--125:10},
  year      = {2010},
}

@inproceedings{zhu2015learning,
  title={Learning a discriminative model for the perception of realism in composite images},
  author={Zhu, Jun-Yan and Krahenbuhl, Philipp and Shechtman, Eli and Efros, Alexei A},
  booktitle={ICCV},
  year={2015}
}

@inproceedings{sofiiuk2021foreground,
  title={Foreground-aware semantic representations for image harmonization},
  author={Sofiiuk, Konstantin and Popenova, Polina and Konushin, Anton},
  booktitle={WACV},
  year={2021}
}

@inproceedings{cong2022high,
  title={High-Resolution Image Harmonization via Collaborative Dual Transformations},
  author={Cong, Wenyan and Tao, Xinhao and Niu, Li and Liang, Jing and Gao, Xuesong and Sun, Qihao and Zhang, Liqing},
  booktitle={CVPR},
  year={2022}
}

@article{xiaodong2019improving,
author    = {Xiaodong Cun and
               Chi{-}Man Pun},
  title     = {Improving the Harmony of the Composite Image by Spatial-Separated
               Attention Module},
  journal   = {{IEEE} Trans. Image Process.},
  volume    = {29},
  pages     = {4759--4771},
  year      = {2020},
}



@InProceedings{Hao2020bmcv,
author       = {Guoqing Hao and Satoshi Iizuka and Kazuhiro Fukui},
title        = {Image Harmonization with Attention-based Deep Feature Modulation},
booktitle    = {BMVC},
year         = {2020},
}

@inproceedings{cong2021bargainnet,
  title={BargainNet: Background-guided domain translation for image harmonization},
  author={Cong, Wenyan and Niu, Li and Zhang, Jianfu and Liang, Jing and Zhang, Liqing},
  booktitle={ICME},
  year={2021}
}

@inproceedings{guo2021image,
  title={Image harmonization with transformer},
  author={Guo, Zonghui and Guo, Dongsheng and Zheng, Haiyong and Gu, Zhaorui and Zheng, Bing and Dong, Junyu},
  booktitle={ICCV},
  year={2021}
}

@inproceedings{guo2021intrinsic,
  title={Intrinsic image harmonization},
  author={Guo, Zonghui and Zheng, Haiyong and Jiang, Yufeng and Gu, Zhaorui and Zheng, Bing},
  booktitle={CVPR},
  year={2021}
}

@inproceedings{ling2021region,
  title={Region-aware adaptive instance normalization for image harmonization},
  author={Ling, Jun and Xue, Han and Song, Li and Xie, Rong and Gu, Xiao},
  booktitle={CVPR},
  year={2021}
}

@inproceedings{hang2022scs,
  title={SCS-Co: Self-Consistent Style Contrastive Learning for Image Harmonization},
  author={Hang, Yucheng and Xia, Bin and Yang, Wenming and Liao, Qingmin},
  booktitle={CVPR},
  year={2022}
}

@article{li2017demystifying,
  title={Demystifying neural style transfer},
  author={Li, Yanghao and Wang, Naiyan and Liu, Jiaying and Hou, Xiaodi},
  journal={arXiv preprint arXiv:1701.01036},
  year={2017}
}

@inproceedings{kolkin2019style,
  title={Style transfer by relaxed optimal transport and self-similarity},
  author={Kolkin, Nicholas and Salavon, Jason and Shakhnarovich, Gregory},
  booktitle={CVPR},
  year={2019}
}

@inproceedings{du2020much,
  title={How much deep learning does neural style transfer really need? an ablation study},
  author={Du, Len},
  booktitle={WACV},
  year={2020}
}

@article{li2017universal,
  title={Universal style transfer via feature transforms},
  author={Li, Yijun and Fang, Chen and Yang, Jimei and Wang, Zhaowen and Lu, Xin and Yang, Ming-Hsuan},
  journal={NeurIPS},
  year={2017}
}

@inproceedings{li2019learning,
  title={Leations for fast image and video style transfer},
  author={Li, Xueting and Liu, Sifei and Kautz, Jan and Yang, Ming-Hsuan},
  booktitle={CVPR},
  year={2019}
}

@inproceedings{park2019arbitrary,
  title={Arbitrary style transfer with style-attentional networks},
  author={Park, Dae Young and Lee, Kwang Hee},
  booktitle={CVPR},
  year={2019}
}



@inproceedings{huo2021manifold,
  title={Manifold alignment for semantically aligned style transfer},
  author={Huo, Jing and Jin, Shiyin and Li, Wenbin and Wu, Jing and Lai, Yu-Kun and Shi, Yinghuan and Gao, Yang},
  booktitle={ICCV},
  year={2021}
}

@inproceedings{deng2022stytr2,
  title={StyTr2: Image Style Transfer with Transformers},
  author={Deng, Yingying and Tang, Fan and Dong, Weiming and Ma, Chongyang and Pan, Xingjia and Wang, Lei and Xu, Changsheng},
  booktitle={CVPR},
  year={2022}
}

@article{reinhard2001color,
  title={Color transfer between images},
  author={Reinhard, Erik and Adhikhmin, Michael and Gooch, Bruce and Shirley, Peter},
  journal={IEEE Computer graphics and applications},
  volume={21},
  number={5},
  pages={34--41},
  year={2001}
}

@article{kniaz2019point,
  title={The point where reality meets fantasy: Mixed adversarial generators for image splice detection},
  author={Kniaz, Vladimir V and Knyaz, Vladimir and Remondino, Fabio},
  journal={NeurIPS},
  year={2019}
}

@inproceedings{ronneberger2015u,
  title={U-net: Convolutional networks for biomedical image segmentation},
  author={Ronneberger, Olaf and Fischer, Philipp and Brox, Thomas},
  booktitle={MICCAI},
  year={2015}
}

@inproceedings{heeger1995pyramid,
  title={Pyramid-based texture analysis/synthesis},
  author={Heeger, David J and Bergen, James R},
  booktitle={SIGGRAPH},
  year={1995}
}

@inproceedings{efros2001image,
  title={Image quilting for texture synthesis and transfer},
  author={Efros, Alexei A and Freeman, William T},
  booktitle={SIGGRAPH},
  year={2001}
}

@inproceedings{frigo2016split,
  title={Split and match: Example-based adaptive patch sampling for unsupervised style transfer},
  author={Frigo, Oriel and Sabater, Neus and Delon, Julie and Hellier, Pierre},
  booktitle={CVPR},
  year={2016}
}

@inproceedings{li2016combining,
  title={Combining markov random fields and convolutional neural networks for image synthesis},
  author={Li, Chuan and Wand, Michael},
  booktitle={CVPR},
  year={2016}
}

@inproceedings{lin2014microsoft,
  title={Microsoft coco: Common objects in context},
  author={Lin, Tsung-Yi and Maire, Michael and Belongie, Serge and Hays, James and Perona, Pietro and Ramanan, Deva and Doll{\'a}r, Piotr and Zitnick, C Lawrence},
  booktitle={ECCV},
  year={2014}
}

@misc{nichol2016painter,
  title = {Painter by numbers},
  author={Nichol, Kiri},
  year={2016},
  howpublished = {\url{https://www.kaggle.com/competitions/painter-by-numbers/data}}
}

@article{niu2021making,
  title={Making images real again: A comprehensive survey on deep image composition},
  author={Niu, Li and Cong, Wenyan and Liu, Liu and Hong, Yan and Zhang, Bo and Liang, Jing and Zhang, Liqing},
  journal={arXiv preprint arXiv:2106.14490},
  year={2021}
}

@inproceedings{bousmalis2017unsupervised,
  title={Unsupervised pixel-level domain adaptation with generative adversarial networks},
  author={Bousmalis, Konstantinos and Silberman, Nathan and Dohan, David and Erhan, Dumitru and Krishnan, Dilip},
  booktitle={CVPR},
  year={2017}
}

@inproceedings{tzeng2017adversarial,
  title={Adversarial discriminative domain adaptation},
  author={Tzeng, Eric and Hoffman, Judy and Saenko, Kate and Darrell, Trevor},
  booktitle={CVPR},
  year={2017}
}

@article{VGG19,
  title={Very deep convolutional networks for large-scale image recognition},
  author={Simonyan, Karen and Zisserman, Andrew},
  journal={ICLR},
  year={2015}
}

@inproceedings{ke2022harmonizer,
  title={Harmonizer: Learning to Perform White-Box Image and Video Harmonization},
  author={Ke, Zhanghan and Sun, Chunyi and Zhu, Lei and Xu, Ke and Lau, Rynson WH},
  booktitle={ECCV},
  year={2022},
}

@inproceedings{liang2021spatial,
  title={Spatial-Separated Curve Rendering Network for Efficient and High-Resolution Image Harmonization},
  author={Liang, Jingtang and Cun, Xiaodong and Pun, Chi-Man},
  booktitle={ECCV},
  year={2022}
}

@inproceedings{xue2022dccf,
  title={DCCF: Deep Comprehensible Color Filter Learning Framework for High-Resolution Image Harmonization},
  author={Xue, Ben and Ran, Shenghui and Chen, Quan and Jia, Rongfei and Zhao, Binqiang and Tang, Xing},
  booktitle={ECCV},
  year={2022}
}

@incollection{perez2003poisson,
  title={Poisson image editing},
  author={P{\'e}rez, Patrick and Gangnet, Michel and Blake, Andrew},
  booktitle={SIGGRAPH},
  year={2003}
}

@article{bradley1952rank,
  title={Rank analysis of incomplete block designs: I. The method of paired comparisons},
  author={Bradley, Ralph Allan and Terry, Milton E},
  journal={Biometrika},
  volume={39},
  number={3/4},
  pages={324--345},
  year={1952}
}

@inproceedings{lai2016comparative,
  title={A comparative study for single image blind deblurring},
  author={Lai, Wei-Sheng and Huang, Jia-Bin and Hu, Zhe and Ahuja, Narendra and Yang, Ming-Hsuan},
  booktitle={CVPR},
  year={2016}
}

@inproceedings{deng2020arbitrary,
  title={Arbitrary style transfer via multi-adaptation network},
  author={Deng, Yingying and Tang, Fan and Dong, Weiming and Sun, Wen and Huang, Feiyue and Xu, Changsheng},
  booktitle={ACM MM},
  year={2020}
}

@inproceedings{kotovenko2019content,
  title={Content and style disentanglement for artistic style transfer},
  author={Kotovenko, Dmytro and Sanakoyeu, Artsiom and Lang, Sabine and Ommer, Bjorn},
  booktitle={ICCV},
  year={2019}
}

@inproceedings{tan2017artgan,
  title={ArtGAN: Artwork synthesis with conditional categorical GANs},
  author={Tan, Wei Ren and Chan, Chee Seng and Aguirre, Hern{\'a}n E and Tanaka, Kiyoshi},
  booktitle={ICIP},
  year={2017}
}

@inproceedings{he2016deep,
  title={Deep residual learning for image recognition},
  author={He, Kaiming and Zhang, Xiangyu and Ren, Shaoqing and Sun, Jian},
  booktitle={CVPR},
  year={2016}
}

@inproceedings{xu2021drb,
  title={Drb-gan: A dynamic resblock generative adversarial network for artistic style transfer},
  author={Xu, Wenju and Long, Chengjiang and Wang, Ruisheng and Wang, Guanghui},
  booktitle={ICCV},
  year={2021}
}

@article{zhang2022domain,
  title={Domain Enhanced Arbitrary Image Style Transfer via Contrastive Learning},
  author={Zhang, Yuxin and Tang, Fan and Dong, Weiming and Huang, Haibin and Ma, Chongyang and Lee, Tong-Yee and Xu, Changsheng},
  journal={SIGGRAPH},
  year={2022}
}

@inproceedings{chen2021dualast,
  title={Dualast: Dual style-learning networks for artistic style transfer},
  author={Chen, Haibo and Zhao, Lei and Wang, Zhizhong and Zhang, Huiming and Zuo, Zhiwen and Li, Ailin and Xing, Wei and Lu, Dongming},
  booktitle={CVPR},
  year={2021}
}

@article{chen2021artistic,
  title={Artistic style transfer with internal-external learning and contrastive learning},
  author={Chen, Haibo and Wang, Zhizhong and Zhang, Huiming and Zuo, Zhiwen and Li, Ailin and Xing, Wei and Lu, Dongming and others},
  journal={NeurIPS},
  year={2021}
}

@inproceedings{wu2020efanet,
  title={Efanet: Exchangeable feature alignment network for arbitrary style transfer},
  author={Wu, Zhijie and Song, Chunjin and Zhou, Yang and Gong, Minglun and Huang, Hui},
  booktitle={AAAI},
  year={2020}
}

@inproceedings{lin2021drafting,
  title={Drafting and revision: Laplacian pyramid network for fast high-quality artistic style transfer},
  author={Lin, Tianwei and Ma, Zhuoqi and Li, Fu and He, Dongliang and Li, Xin and Ding, Errui and Wang, Nannan and Li, Jie and Gao, Xinbo},
  booktitle={CVPR},
  year={2021}
}

@inproceedings{svoboda2020two,
  title={Two-stage peer-regularized feature recombination for arbitrary image style transfer},
  author={Svoboda, Jan and Anoosheh, Asha and Osendorfer, Christian and Masci, Jonathan},
  booktitle={CVPR},
  year={2020}
}

@article{jing2022learning,
  title={Learning Graph Neural Networks for Image Style Transfer},
  author={Jing, Yongcheng and Mao, Yining and Yang, Yiding and Zhan, Yibing and Song, Mingli and Wang, Xinchao and Tao, Dacheng},
  journal={ECCV},
  year={2022}
}

@inproceedings{an2021artflow,
  title={Artflow: Unbiased image style transfer via reversible neural flows},
  author={An, Jie and Huang, Siyu and Song, Yibing and Dou, Dejing and Liu, Wei and Luo, Jiebo},
  booktitle={CVPR},
  year={2021}
}

@article{cao2022painterly,
  title={Painterly Image Harmonization in Dual Domains},
  author={Cao, Junyan and Hong, Yan and Niu, Li},
  journal={AAAI},
  year={2023}
}

@inproceedings{yan2022style,
  title={Style Image Harmonization via Global-Local Style Mutual Guided},
  author={Yan, Xiao and Lu, Yang and Shuai, Juncheng and Zhang, Sanyuan},
  booktitle={ACCV},
  year={2022}
}

@article{lim2017geometric,
  title={Geometric gan},
  author={Lim, Jae Hyun and Ye, Jong Chul},
  journal={arXiv preprint arXiv:1705.02894},
  year={2017}
}

@article{goodfellow2020generative,
  title={Generative adversarial networks},
  author={Goodfellow, Ian and Pouget-Abadie, Jean and Mirza, Mehdi and Xu, Bing and Warde-Farley, David and Ozair, Sherjil and Courville, Aaron and Bengio, Yoshua},
  journal={Communications of the ACM},
  volume={63},
  number={11},
  pages={139--144},
  year={2020},
}


%%%% different style levels

@inproceedings{yao2019attention,
  title={Attention-aware multi-stroke style transfer},
  author={Yao, Yuan and Ren, Jianqiang and Xie, Xuansong and Liu, Weidong and Liu, Yong-Jin and Wang, Jun},
  booktitle={CVPR},
  year={2019}
}

@inproceedings{cho2019image,
  title={Image-to-image translation via group-wise deep whitening-and-coloring transformation},
  author={Cho, Wonwoong and Choi, Sungha and Park, David Keetae and Shin, Inkyu and Choo, Jaegul},
  booktitle={CVPR},
  year={2019}
}

@inproceedings{liu2021adaattn,
  title={Adaattn: Revisit attention mechanism in arbitrary neural style transfer},
  author={Liu, Songhua and Lin, Tianwei and He, Dongliang and Li, Fu and Wang, Meiling and Li, Xin and Sun, Zhengxing and Li, Qian and Ding, Errui},
  booktitle={ICCV},
  year={2021}
}

@misc{wu2019detectron2,
  author =       {Yuxin Wu and Alexander Kirillov and Francisco Massa and
                  Wan-Yen Lo and Ross Girshick},
  title =        {Detectron2},
  howpublished = {\url{https://github.com/facebookresearch/detectron2}},
  year =         {2019}
}

@article{vaswani2017attention,
  title={Attention is all you need},
  author={Vaswani, Ashish and Shazeer, Noam and Parmar, Niki and Uszkoreit, Jakob and Jones, Llion and Gomez, Aidan N and Kaiser, {\L}ukasz and Polosukhin, Illia},
  journal={NeurIPS},
  year={2017}
}

@article{guo2022transformer,
  title={Transformer for Image Harmonization and Beyond},
  author={Guo, Zonghui and Gu, Zhaorui and Zheng, Bing and Dong, Junyu and Zheng, Haiyong},
  journal={IEEE Transactions on Pattern Analysis and Machine Intelligence},
  year={2022},
}

@article{land1971lightness,
  title={Lightness and retinex theory},
  author={Land, Edwin H and McCann, John J},
  journal={Josa},
  volume={61},
  number={1},
  pages={1--11},
  year={1971},
}

@article{land1977retinex,
  title={The retinex theory of color vision},
  author={Land, Edwin H},
  journal={Scientific american},
  volume={237},
  number={6},
  pages={108--129},
  year={1977},
}

@article{cao2021deep,
  title={Deep image harmonization by bridging the reality gap},
  author={Cao, Junyan and Cong, Wenyan and Niu, Li and Zhang, Jianfu and Zhang, Liqing},
  journal={BMVC},
  year={2022}
}

@inproceedings{bao2022deep,
  title={Deep Image-based Illumination Harmonization},
  author={Bao, Zhongyun and Long, Chengjiang and Fu, Gang and Liu, Daquan and Li, Yuanzhen and Wu, Jiaming and Xiao, Chunxia},
  booktitle={CVPR},
  year={2022}
}

@InProceedings{Jiang_2021_ICCV,
    author    = {Jiang, Yifan and Zhang, He and Zhang, Jianming and Wang, Yilin and Lin, Zhe and Sunkavalli, Kalyan and Chen, Simon and Amirghodsi, Sohrab and Kong, Sarah and Wang, Zhangyang},
    title     = {SSH: A Self-Supervised Framework for Image Harmonization},
    booktitle = {ICCV},
    year      = {2021}
}


@inproceedings{xing2022composite,
  title={Composite photograph harmonization with complete background cues},
  author={Xing, Yazhou and Li, Yu and Wang, Xintao and Zhu, Ye and Chen, Qifeng},
  booktitle={ACM MM},
  year={2022}
}

@article{peng2022frih,
  title={FRIH: Fine-grained Region-aware Image Harmonization},
  author={Peng, Jinlong and Luo, Zekun and Liu, Liang and Zhang, Boshen and Wang, Tao and Wang, Yabiao and Tai, Ying and Wang, Chengjie and Lin, Weiyao},
  journal={arXiv preprint arXiv:2205.06448},
  year={2022}
}

@article{zhu2022image,
  title={Image Harmonization by Matching Regional References},
  author={Zhu, Ziyue and Zhang, Zhao and Lin, Zheng and Wu, Ruiqi and Chai, Zhi and Guo, Chun-Le},
  journal={arXiv preprint arXiv:2204.04715},
  year={2022}
}

@article{valanarasu2022interactive,
  title={Interactive portrait harmonization},
  author={Valanarasu, Jeya Maria Jose and Zhang, He and Zhang, Jianming and Wang, Yilin and Lin, Zhe and Echevarria, Jose and Ma, Yinglan and Wei, Zijun and Sunkavalli, Kalyan and Patel, Vishal M},
  journal={ICLR},
  year={2023}
}

@inproceedings{jing2020dynamic,
  title={Dynamic instance normalization for arbitrary style transfer},
  author={Jing, Yongcheng and Liu, Xiao and Ding, Yukang and Wang, Xinchao and Ding, Errui and Song, Mingli and Wen, Shilei},
  booktitle={AAAI},
  year={2020}
}

@inproceedings{SanakoyeuKLO18,
  author    = {Artsiom Sanakoyeu and
               Dmytro Kotovenko and
               Sabine Lang and
               Bj{\"{o}}rn Ommer},
  editor    = {Vittorio Ferrari and
               Martial Hebert and
               Cristian Sminchisescu and
               Yair Weiss},
  title     = {A Style-Aware Content Loss for Real-Time {HD} Style Transfer},
  booktitle = {ECCV},
  year      = {2018},
}

@inproceedings{chen2017stylebank,
  title={Stylebank: An explicit representation for neural image style transfer},
  author={Chen, Dongdong and Yuan, Lu and Liao, Jing and Yu, Nenghai and Hua, Gang},
  booktitle={CVPR},
  year={2017}
}

@inproceedings{sanakoyeu2018style,
  title={A style-aware content loss for real-time hd style transfer},
  author={Sanakoyeu, Artsiom and Kotovenko, Dmytro and Lang, Sabine and Ommer, Bjorn},
  booktitle={ECCV},
  year={2018}
}

@inproceedings{wang2020collaborative,
  title={Collaborative distillation for ultra-resolution universal style transfer},
  author={Wang, Huan and Li, Yijun and Wang, Yuehai and Hu, Haoji and Yang, Ming-Hsuan},
  booktitle={CVPR},
  year={2020}
}

@article{chen2016fast,
  title={Fast patch-based style transfer of arbitrary style},
  author={Chen, Tian Qi and Schmidt, Mark},
  journal={arXiv preprint arXiv:1612.04337},
  year={2016}
}

@inproceedings{zhang2019multimodal,
  title={Multimodal style transfer via graph cuts},
  author={Zhang, Yulun and Fang, Chen and Wang, Yilin and Wang, Zhaowen and Lin, Zhe and Fu, Yun and Yang, Jimei},
  booktitle={ICCV},
  year={2019}
}

@inproceedings{chen2022toward,
  title={Towards Ultra-Resolution Neural Style Transfer via Thumbnail Instance Normalization},
  author={Chen, Zhe and Wang, Wenhai and Xie, Enze and Lu, Tong and Luo, Ping},
  booktitle={AAAI},
  year={2022}
}

@inproceedings{gu2018arbitrary,
  title={Arbitrary style transfer with deep feature reshuffle},
  author={Gu, Shuyang and Chen, Congliang and Liao, Jing and Yuan, Lu},
  booktitle={CVPR},
  year={2018}
}

@inproceedings{sheng2018avatar,
  title={Avatar-net: Multi-scale zero-shot style transfer by feature decoration},
  author={Sheng, Lu and Lin, Ziyi and Shao, Jing and Wang, Xiaogang},
  booktitle={CVPR},
  year={2018}
}

@article{li2018learning,
  title={Learning linear transformations for fast arbitrary style transfer},
  author={Li, Xueting and Liu, Sifei and Kautz, Jan and Yang, Ming-Hsuan},
  journal={arXiv preprint arXiv:1808.04537},
  year={2018}
}

@inproceedings{kotovenko2019content,
  title={A content transformation block for image style transfer},
  author={Kotovenko, Dmytro and Sanakoyeu, Artsiom and Ma, Pingchuan and Lang, Sabine and Ommer, Bjorn},
  booktitle={CVPR},
  pages={10032--10041},
  year={2019}
}

@article{elad2017style,
  title={Style transfer via texture synthesis},
  author={Elad, Michael and Milanfar, Peyman},
  journal={IEEE Transactions on Image Processing},
  volume={26},
  number={5},
  pages={2338--2351},
  year={2017},
  publisher={IEEE}
}

@article{Kuznetsova2020TheOI,
  title={The Open Images Dataset V4},
  author={Alina Kuznetsova and Hassan Rom and Neil Gordon Alldrin and Jasper R. R. Uijlings and Ivan Krasin and Jordi Pont-Tuset and Shahab Kamali and Stefan Popov and Matteo Malloci and Alexander Kolesnikov and Tom Duerig and Vittorio Ferrari},
  journal={International Journal of Computer Vision},
  year={2020},
  volume={128},
  pages={1956-1981}
}

@article{cdc,
  title={Cross-domain Compositing with Pretrained Diffusion Models},
  author={Hachnochi, Roy and Zhao, Mingrui and Orzech, Nadav and Gal, Rinon and Mahdavi-Amiri, Ali and Cohen-Or, Daniel and Bermano, Amit Haim},
  journal={arXiv preprint arXiv:2302.10167},
  year={2023}
}

@inproceedings{inst,
  title={Inversion-Based Creativity Transfer with Diffusion Models},
  author={Zhang, Yuxin and Huang, Nisha and Tang, Fan and Huang, Haibin and Ma, Chongyang and Dong, Weiming and Xu, Changsheng},
  booktitle={CVPR},
  year={2023}
}

@inproceedings{sdedit,
  title={Sdedit: Guided image synthesis and editing with stochastic differential equations},
  author={Meng, Chenlin and He, Yutong and Song, Yang and Song, Jiaming and Wu, Jiajun and Zhu, Jun-Yan and Ermon, Stefano},
  booktitle={ICLR},
  year={2021}
}

@inproceedings{quantart,
  title={QuantArt: Quantizing Image Style Transfer Towards High Visual Fidelity},
  author={Siyu Huang and Jie An and Donglai Wei and Jiebo Luo and Hanspeter Pfister},
  booktitle={CVPR},
  year={2023}
}

@inproceedings{PCTNet,
  title={{PCT}-{N}et: Full Resolution Image Harmonization Using Pixel-Wise Color Transformations},
  author={Julian Jorge Andrade Guerreiro and Mitsuru Nakazawa and Björn Stenger},
  booktitle={CVPR},
  year={2023}
}

@inproceedings{WangCVPR2023,
  title={Semi-supervised Parametric Real-world Image Harmonization},
  author={Ke Wang and Michaël Gharbi and He Zhang and Zhihao Xia and Eli Shechtman},
  booktitle={CVPR},
  year={2023}
}

@inproceedings{LEMaRT,
  title={LEMaRT: Label-Efficient Masked Region Transform for Image Harmonization},
  author={Sheng Liu and Cong Phuoc Huynh and Cong Chen and Maxim Arap and Raffay Hamid},
  booktitle={CVPR},
  year={2023}
}


@article{TouvronBCCEGIJSVJ23,
  author       = {Hugo Touvron and
                  Piotr Bojanowski and
                  Mathilde Caron and
                  Matthieu Cord and
                  Alaaeldin El{-}Nouby and
                  Edouard Grave and
                  Gautier Izacard and
                  Armand Joulin and
                  Gabriel Synnaeve and
                  Jakob Verbeek and
                  Herv{\'{e}} J{\'{e}}gou},
  title        = {ResMLP: Feedforward Networks for Image Classification With Data-Efficient
                  Training},
  journal      = {{IEEE} Trans. Pattern Anal. Mach. Intell.},
  volume       = {45},
  number       = {4},
  pages        = {5314--5321},
  year         = {2023},
}