@ARTICLE{Harrold2000171,
author={Harrold, M.J. and Rothermel, G. and Sayre, K. and Wu, R. and Yi, L.},
title={Empirical investigation of the relationship between spectra differences and regression faults},
journal={Software Testing Verification and Reliability},
year={2000},
volume={10},
number={3},
pages={171-194},
document_type={Article},
source={Scopus},
}

@article{micalizio2014cooperative,
  title={Cooperative monitoring to diagnose multiagent plans},
  author={Micalizio, Roberto and Torasso, Pietro},
  journal={Journal of Artificial Intelligence Research},
  volume={51},
  pages={1--70},
  year={2014}
}
@article{kalech2012diagnosis,
  title={Diagnosis of coordination failures: a matrix-based approach},
  author={Kalech, Meir},
  journal={Autonomous Agents and Multi-Agent Systems},
  volume={24},
  number={1},
  pages={69--103},
  year={2012},
  publisher={Springer}
}
% Motivation papers ====================================================================
@article{kitano1997robocup,
  title={RoboCup: A challenge problem for AI},
  author={Kitano, Hiroaki and Asada, Minoru and Kuniyoshi, Yasuo and Noda, Itsuki and Osawa, Eiichi and Matsubara, Hitoshi},
  journal={AI magazine},
  volume={18},
  number={1},
  pages={73--73},
  year={1997}
}

@inproceedings{bartak2020mapf,
  title={MAPF Scenario: Software for Evaluating MAPF Plans on Real Robots},
  author={Bart{\'a}k, Roman and {\v{S}}vancara, Ji{\v{r}}{\'\i} and Krasi{\v{c}}enko, Ivan},
  booktitle={Proceedings of the AAAI Conference on Artificial Intelligence},
  volume={34},
  number={09},
  pages={13602--13603},
  year={2020}
}

@article{bartak2019multi,
  title={Multi-agent path finding on real robots},
  author={Bart{\'a}k, Roman and {\v{S}}vancara, Ji{\v{r}}{\'\i} and {\v{S}}kopkov{\'a}, V{\v{e}}ra and Nohejl, David and Krasi{\v{c}}enko, Ivan},
  journal={AI Communications},
  volume={32},
  number={3},
  pages={175--189},
  year={2019},
  publisher={IOS Press}
}

@inproceedings{vsvancara2019online,
  title={Online multi-agent pathfinding},
  author={{\v{S}}vancara, Ji{\v{r}}{\'\i} and Vlk, Marek and Stern, Roni and Atzmon, Dor and Bart{\'a}k, Roman},
  booktitle={Proceedings of the AAAI Conference on Artificial Intelligence},
  volume={33},
  pages={7732--7739},
  year={2019}
}

@inproceedings{surynek2016efficient,
  title={Efficient SAT approach to multi-agent path finding under the sum of costs objective},
  author={Surynek, Pavel and Felner, Ariel and Stern, Roni and Boyarski, Eli},
  booktitle={Proceedings of the Twenty-second European Conference on Artificial Intelligence},
  pages={810--818},
  year={2016}
}

@inproceedings{erdem2013general,
  title={A general formal framework for pathfinding problems with multiple agents},
  author={Erdem, Esra and Kisa, Doga Gizem and Oztok, Umut and Sch{\"u}ller, Peter},
  booktitle={Twenty-Seventh AAAI Conference on Artificial Intelligence},
  year={2013}
}

@article{pallottino2007decentralized,
  title={Decentralized cooperative policy for conflict resolution in multivehicle systems},
  author={Pallottino, Lucia and Scordio, Vincenzo G and Bicchi, Antonio and Frazzoli, Emilio},
  journal={IEEE Transactions on Robotics},
  volume={23},
  number={6},
  pages={1170--1183},
  year={2007},
  publisher={IEEE}
}

@article{zhang2021bi,
  title={A bi-level cooperative operation approach for AGV based automated valet parking},
  author={Zhang, Jiawei and Li, Zhiheng and Li, Li and Li, Yidong and Dong, Hairong},
  journal={Transportation Research Part C: Emerging Technologies},
  volume={128},
  pages={103140},
  year={2021},
  publisher={Elsevier}
}

@article{tang2021research,
  title={Research on Equipment Configuration Optimization of AGV Unmanned Warehouse},
  author={Tang, Hongtao and Cheng, Xiaoya and Jiang, Weiguang and Chen, Shouwu},
  journal={IEEE Access},
  volume={9},
  pages={47946--47959},
  year={2021},
  publisher={IEEE}
}

@inproceedings{do2008line,
  title={On-line Planning and Scheduling: An Application to Controlling Modular Printers.},
  author={Do, Minh Binh and Ruml, Wheeler and Zhou, Rong},
  booktitle={AAAI},
  pages={1519--1523},
  year={2008}
}

@article{leitao2015multiagent,
  title={Multiagent system integrating process and quality control in a factory producing laundry washing machines},
  author={Leit{\~a}o, Paulo and Rodrigues, Nelson and Turrin, Claudio and Pagani, Arnaldo},
  journal={IEEE Transactions on Industrial Informatics},
  volume={11},
  number={4},
  pages={879--886},
  year={2015},
  publisher={IEEE}
}

% Related work papers ===================================================================
@inproceedings{micalizio2004line,
  title={On-line monitoring and diagnosis of multi-agent systems: a model based approach},
  author={Micalizio, Roberto and Torasso, Pietro and Torta, Gianluca},
  booktitle={Proceedings of the 16th European Conference on Artificial Intelligence},
  pages={848--852},
  year={2004},
  organization={IOS Press}
}

@inproceedings{roos2003protocol,
  title={A protocol for multi-agent diagnosis with spatially distributed knowledge},
  author={Roos, Nico and Ten Teije, Annette and Witteveen, Cees},
  booktitle={Proceedings of the second international joint conference on Autonomous agents and multiagent systems},
  pages={655--661},
  year={2003},
  organization={ACM}
}

@inproceedings{daigle2006distributed,
  title={Distributed diagnosis of coupled mobile robots},
  author={Daigle, Matthew and Koutsoukos, Xenofon and Biswas, Gautam},
  booktitle={Proceedings 2006 IEEE International Conference on Robotics and Automation, 2006. ICRA 2006.},
  pages={3787--3794},
  year={2006},
  organization={IEEE}
}

@inproceedings{kalech2005towards,
  title={Towards model-based diagnosis of coordination failures},
  author={Kalech, Meir and Kaminka, Gal A},
  booktitle={AAAI},
  volume={5},
  pages={102--107},
  year={2005}
}

@inproceedings{kalech2006diagnosis,
  title={Diagnosis of multi-robot coordination failures using distributed CSP algorithms},
  author={Kalech, Meir and Kaminka, Gal A and Meisels, Amnon and Elmaliach, Yehuda},
  booktitle={AAAI},
  pages={970--975},
  year={2006}
}

@article{kalech2007design,
  title={On the design of coordination diagnosis algorithms for teams of situated agents},
  author={Kalech, Meir and Kaminka, Gal A},
  journal={Artificial Intelligence},
  volume={171},
  number={8-9},
  pages={491--513},
  year={2007},
  publisher={Elsevier}
}

@article{kalech2011coordination,
  title={Coordination diagnostic algorithms for teams of situated agents: Scaling up},
  author={Kalech, Meir and Kaminka, Gal A},
  journal={Computational Intelligence},
  volume={27},
  number={3},
  pages={393--421},
  year={2011},
  publisher={Wiley Online Library}
}

@article{roos2009models,
  title={Models and methods for plan diagnosis},
  author={Roos, Nico and Witteveen, Cees},
  journal={Autonomous Agents and Multi-Agent Systems},
  volume={19},
  number={1},
  pages={30--52},
  year={2009},
  publisher={Springer}
}

@article{de2009primary,
  title={Primary and secondary diagnosis of multi-agent plan execution},
  author={De Jonge, Femke and Roos, Nico and Witteveen, Cees},
  journal={Autonomous Agents and Multi-Agent Systems},
  volume={18},
  number={2},
  pages={267--294},
  year={2009},
  publisher={Springer}
}

@inproceedings{micalizio2007plan,
  title={Plan diagnosis and agent diagnosis in multi-agent systems},
  author={Micalizio, Roberto and Torasso, Pietro},
  booktitle={Congress of the Italian Association for Artificial Intelligence},
  pages={434--446},
  year={2007},
  organization={Springer}
}

@inproceedings{micalizio2009distributed,
  title={A distributed control loop for autonomous recovery in a multi-agent plan},
  author={Micalizio, Roberto},
  booktitle={Twenty-First International Joint Conference on Artificial Intelligence},
  year={2009}
}

@inproceedings{micalizio2012diagnosing,
  title={Diagnosing delays in multi-agent plans execution},
  author={Micalizio, Roberto and Torta, Gianluca},
  booktitle={European Conference on Artificial Intelligence},
  pages={594--599},
  year={2012},
  organization={IOS Press}
}

@inproceedings{torta2018smt,
  title={SMT-Based Diagnosis of Multi-Agent Temporal Plans},
  author={Torta, Gianluca and Micalizio, Roberto},
  booktitle={Proceedings of the 17th International Conference on Autonomous Agents and MultiAgent Systems},
  pages={2097--2099},
  year={2018},
  organization={International Foundation for Autonomous Agents and Multiagent Systems}
}

@inproceedings{torta2019explaining,
  title={Explaining Failures Propagations in the Execution of Multi-Agent Temporal Plans},
  author={Torta, Gianluca and Micalizio, Roberto and Sormano, Samuele},
  booktitle={Proceedings of the 18th International Conference on Autonomous Agents and MultiAgent Systems},
  pages={2232--2234},
  year={2019},
  organization={International Foundation for Autonomous Agents and Multiagent Systems}
}

@inproceedings{torta2019temporal,
  title={Temporal Multiagent Plan Execution: Explaining What Happened},
  author={Torta, Gianluca and Micalizio, Roberto and Sormano, Samuele},
  booktitle={International Workshop on Explainable, Transparent Autonomous Agents and Multi-Agent Systems},
  pages={167--185},
  year={2019},
  organization={Springer}
}

@inproceedings{passos2015spectrum,
  title={Spectrum-based fault localisation for multi-agent systems},
  author={Passos, L{\'u}cio S and Abreu, Rui and Rossetti, Rosaldo JF},
  booktitle={Twenty-Fourth International Joint Conference on Artificial Intelligence},
  year={2015}
}


% Inspiration papers ==================================================================
@article{elimelech2017diagnosing,
  title={Diagnosing resource usage failures in multi-agent systems},
  author={Elimelech, Orel and Stern, Roni and Kalech, Meir and Bar-Zeev, Yedidya},
  journal={Expert Systems with Applications},
  volume={77},
  pages={44--56},
  year={2017},
  publisher={Elsevier}
}

@inproceedings{abreu2009spectrum,
  title={Spectrum-based multiple fault localization},
  author={Abreu, Rui and Zoeteweij, Peter and Van Gemund, Arjan JC},
  booktitle={2009 IEEE/ACM International Conference on Automated Software Engineering},
  pages={88--99},
  year={2009},
  organization={IEEE}
}

@book{cormen2009introduction,
  title={Introduction to algorithms},
  author={Cormen, Thomas H and Leiserson, Charles E and Rivest, Ronald L and Stein, Clifford},
  year={2009},
  publisher={MIT press}
}

@article{de1987diagnosing,
  title={Diagnosing multiple faults},
  author={De Kleer, Johan and Williams, Brian C},
  journal={Artificial intelligence},
  volume={32},
  number={1},
  pages={97--130},
  year={1987},
  publisher={Elsevier}
}

@article{williams2007conflict,
  title={Conflict-directed A* and its role in model-based embedded systems},
  author={Williams, Brian C and Ragno, Robert J},
  journal={Discrete Applied Mathematics},
  volume={155},
  number={12},
  pages={1562--1595},
  year={2007},
  publisher={Elsevier}
}

@inproceedings{stern2012exploring,
  title={Exploring the duality in conflict-directed model-based diagnosis},
  author={Stern, Roni Tzvi and Kalech, Meir and Feldman, Alexander and Provan, Gregory},
  booktitle={Twenty-Sixth AAAI Conference on Artificial Intelligence},
  year={2012}
}

@article{abreu2011simultaneous,
  title={Simultaneous debugging of software faults},
  author={Abreu, Rui and Zoeteweij, Peter and Van Gemund, Arjan JC},
  journal={Journal of Systems and Software},
  volume={84},
  number={4},
  pages={573--586},
  year={2011},
  publisher={Elsevier}
}

@article{elmishali2020diagnosing,
  title={Diagnosing Software System Exploits},
  author={Elmishali, Amir and Stern, Roni and Kalech, Meir},
  journal={IEEE Intelligent Systems},
  volume={35},
  number={6},
  pages={7--15},
  year={2020},
  publisher={IEEE}
}

% Benchmark papers ======================================================================
@article{sturtevant2012benchmarks,
  title={Benchmarks for grid-based pathfinding},
  author={Sturtevant, Nathan R},
  journal={IEEE Transactions on Computational Intelligence and AI in Games},
  volume={4},
  number={2},
  pages={144--148},
  year={2012},
  publisher={IEEE}
}

@article{sharon2015conflict,
  title={Conflict-based search for optimal multi-agent pathfinding},
  author={Sharon, Guni and Stern, Roni and Felner, Ariel and Sturtevant, Nathan R},
  journal={Artificial Intelligence},
  volume={219},
  pages={40--66},
  year={2015},
  publisher={Elsevier}
}

@article{hofer2015empirical,
  title={On the empirical evaluation of similarity coefficients for spreadsheets fault localization},
  author={Hofer, Birgit and Perez, Alexandre and Abreu, Rui and Wotawa, Franz},
  journal={Automated Software Engineering},
  volume={22},
  number={1},
  pages={47--74},
  year={2015},
  publisher={Springer}
}

@inproceedings{abreu2007accuracy,
  title={On the accuracy of spectrum-based fault localization},
  author={Abreu, Rui and Zoeteweij, Peter and Van Gemund, Arjan JC},
  booktitle={Testing: Academic and industrial conference practice and research techniques-MUTATION (TAICPART-MUTATION 2007)},
  pages={89--98},
  year={2007},
  organization={IEEE}
}

@inproceedings{jones2005empirical,
  title={Empirical evaluation of the tarantula automatic fault-localization technique},
  author={Jones, James A and Harrold, Mary Jean},
  booktitle={Proceedings of the 20th IEEE/ACM international Conference on Automated software engineering},
  pages={273--282},
  year={2005}
}