@article{helmert2006fast,
  title={The fast downward planning system},
  author={Helmert, Malte},
  journal={Journal of Artificial Intelligence Research},
  volume={26},
  pages={191--246},
  year={2006}
}

@article{hoffmann2001ff,
  title={FF: The fast-forward planning system},
  author={Hoffmann, J{\"o}rg},
  journal={AI magazine},
  volume={22},
  number={3},
  pages={57--57},
  year={2001}
}

@inproceedings{sohrabi2019ai,
  title={AI Planning for Enterprise: Putting Theory Into Practice.},
  author={Sohrabi, Shirin},
  booktitle={IJCAI},
  pages={6408--6410},
  year={2019}
}

@article{fox2003pddl2,
  title={PDDL2. 1: An extension to PDDL for expressing temporal planning domains},
  author={Fox, Maria and Long, Derek},
  journal={Journal of artificial intelligence research},
  volume={20},
  pages={61--124},
  year={2003}
}

@inproceedings{silver2021planning,
  title={Planning with learned object importance in large problem instances using graph neural networks},
  author={Silver, Tom and Chitnis, Rohan and Curtis, Aidan and Tenenbaum, Joshua B and Lozano-Perez, Tomas and Kaelbling, Leslie Pack},
  booktitle={Proceedings of the AAAI conference on artificial intelligence},
  volume={35},
  number={13},
  pages={11962--11971},
  year={2021}
}

@article{chen2021evaluating,
  title={Evaluating large language models trained on code},
  author={Chen, Mark and Tworek, Jerry and Jun, Heewoo and Yuan, Qiming and Pinto, Henrique Ponde de Oliveira and Kaplan, Jared and Edwards, Harri and Burda, Yuri and Joseph, Nicholas and Brockman, Greg and others},
  journal={arXiv preprint arXiv:2107.03374},
  year={2021}
}


@article{chowdhery2022palm,
  title={Palm: Scaling language modeling with pathways},
  author={Chowdhery, Aakanksha and Narang, Sharan and Devlin, Jacob and Bosma, Maarten and Mishra, Gaurav and Roberts, Adam and Barham, Paul and Chung, Hyung Won and Sutton, Charles and Gehrmann, Sebastian and others},
  journal={arXiv preprint arXiv:2204.02311},
  year={2022}
}

@article{brown2020language,
  title={Language models are few-shot learners},
  author={Brown, Tom and Mann, Benjamin and Ryder, Nick and Subbiah, Melanie and Kaplan, Jared D and Dhariwal, Prafulla and Neelakantan, Arvind and Shyam, Pranav and Sastry, Girish and Askell, Amanda and others},
  journal={Advances in neural information processing systems},
  volume={33},
  pages={1877--1901},
  year={2020}
}

@article{valmeekam2022large,
  title={Large Language Models Still Can't Plan (A Benchmark for LLMs on Planning and Reasoning about Change)},
  author={Valmeekam, Karthik and Olmo, Alberto and Sreedharan, Sarath and Kambhampati, Subbarao},
  journal={arXiv preprint arXiv:2206.10498},
  year={2022}
}

@article{jimenez2019review,
  title={A review of generalized planning},
  author={Jim{\'e}nez, Sergio and Segovia-Aguas, Javier and Jonsson, Anders},
  journal={The Knowledge Engineering Review},
  volume={34},
  year={2019},
  publisher={Cambridge University Press}
}

@inproceedings{karia2021learning,
  title={Learning generalized relational heuristic networks for model-agnostic planning},
  author={Karia, Rushang and Srivastava, Siddharth},
  booktitle={Proceedings of the AAAI Conference on Artificial Intelligence},
  volume={35},
  number={9},
  pages={8064--8073},
  year={2021}
}

@inproceedings{gehring2022reinforcement,
  title={Reinforcement learning for classical planning: Viewing heuristics as dense reward generators},
  author={Gehring, Clement and Asai, Masataro and Chitnis, Rohan and Silver, Tom and Kaelbling, Leslie and Sohrabi, Shirin and Katz, Michael},
  booktitle={Proceedings of the International Conference on Automated Planning and Scheduling},
  volume={32},
  pages={588--596},
  year={2022}
}

@article{yoon2008learning,
  title={Learning Control Knowledge for Forward Search Planning.},
  author={Yoon, Sungwook and Fern, Alan and Givan, Robert},
  journal={Journal of Machine Learning Research},
  volume={9},
  number={4},
  year={2008}
}

@article{toyer2020asnets,
  title={Asnets: Deep learning for generalised planning},
  author={Toyer, Sam and Thi{\'e}baux, Sylvie and Trevizan, Felipe and Xie, Lexing},
  journal={Journal of Artificial Intelligence Research},
  volume={68},
  pages={1--68},
  year={2020}
}

@inproceedings{silver2020few,
  title={Few-shot bayesian imitation learning with logical program policies},
  author={Silver, Tom and Allen, Kelsey R and Lew, Alex K and Kaelbling, Leslie Pack and Tenenbaum, Josh},
  booktitle={Proceedings of the AAAI Conference on Artificial Intelligence},
  volume={34},
  number={06},
  pages={10251--10258},
  year={2020}
}

@article{duan2017one,
  title={One-shot imitation learning},
  author={Duan, Yan and Andrychowicz, Marcin and Stadie, Bradly and Jonathan Ho, OpenAI and Schneider, Jonas and Sutskever, Ilya and Abbeel, Pieter and Zaremba, Wojciech},
  journal={Advances in neural information processing systems},
  volume={30},
  year={2017}
}

@article{cropper2019playgol,
  title={Playgol: Learning programs through play},
  author={Cropper, Andrew},
  journal={arXiv preprint arXiv:1904.08993},
  year={2019}
}

@article{lewkowycz2022solving,
  title={Solving quantitative reasoning problems with language models},
  author={Lewkowycz, Aitor and Andreassen, Anders and Dohan, David and Dyer, Ethan and Michalewski, Henryk and Ramasesh, Vinay and Slone, Ambrose and Anil, Cem and Schlag, Imanol and Gutman-Solo, Theo and others},
  journal={arXiv preprint arXiv:2206.14858},
  year={2022}
}

@article{drori2022neural,
  title={A neural network solves, explains, and generates university math problems by program synthesis and few-shot learning at human level},
  author={Drori, Iddo and Zhang, Sarah and Shuttleworth, Reece and Tang, Leonard and Lu, Albert and Ke, Elizabeth and Liu, Kevin and Chen, Linda and Tran, Sunny and Cheng, Newman and others},
  journal={Proceedings of the National Academy of Sciences},
  volume={119},
  number={32},
  pages={e2123433119},
  year={2022},
  publisher={National Acad Sciences}
}

@article{kojima2022large,
  title={Large Language Models are Zero-Shot Reasoners},
  author={Kojima, Takeshi and Gu, Shixiang Shane and Reid, Machel and Matsuo, Yutaka and Iwasawa, Yusuke},
  journal={arXiv preprint arXiv:2205.11916},
  year={2022}
}

@inproceedings{reimers-2019-sentence-bert,
    title = "Sentence-BERT: Sentence Embeddings using Siamese BERT-Networks",
    author = "Reimers, Nils and Gurevych, Iryna",
    booktitle = "Proceedings of the 2019 Conference on Empirical Methods in Natural Language Processing",
    month = "11",
    year = "2019",
    publisher = "Association for Computational Linguistics",
    url = "http://arxiv.org/abs/1908.10084",
}

@article{gao2020pile,
  title={The pile: An 800gb dataset of diverse text for language modeling},
  author={Gao, Leo and Biderman, Stella and Black, Sid and Golding, Laurence and Hoppe, Travis and Foster, Charles and Phang, Jason and He, Horace and Thite, Anish and Nabeshima, Noa and others},
  journal={arXiv preprint arXiv:2101.00027},
  year={2020}
}

@article{wei2022chain,
  title={Chain of thought prompting elicits reasoning in large language models},
  author={Wei, Jason and Wang, Xuezhi and Schuurmans, Dale and Bosma, Maarten and Chi, Ed and Le, Quoc and Zhou, Denny},
  journal={arXiv preprint arXiv:2201.11903},
  year={2022}
}

@inproceedings{cashmore2015rosplan,
  title={Rosplan: Planning in the robot operating system},
  author={Cashmore, Michael and Fox, Maria and Long, Derek and Magazzeni, Daniele and Ridder, Bram and Carrera, Arnau and Palomeras, Narcis and Hurtos, Natalia and Carreras, Marc},
  booktitle={Proceedings of the international conference on automated planning and scheduling},
  volume={25},
  pages={333--341},
  year={2015}
}

@misc{pyperplan,
  author =       "Yusra Alkhazraji and Matthias Frorath and Markus Gr{\"u}tzner
                  and Malte Helmert and Thomas Liebetraut and Robert Mattm{\"u}ller
                  and Manuela Ortlieb and Jendrik Seipp and Tobias Springenberg and
                  Philip Stahl and Jan W{\"u}lfing",
  title =        "Pyperplan",
  publisher =    "Zenodo",
  year =         "2020",
  doi =          "10.5281/zenodo.3700819",
  url =          "https://doi.org/10.5281/zenodo.3700819",
  howpublished = "\url{https://doi.org/10.5281/zenodo.3700819}"
}

@inproceedings{sharma2022skill,
  title={Skill Induction and Planning with Latent Language},
  author={Sharma, Pratyusha and Torralba, Antonio and Andreas, Jacob},
  booktitle={Proceedings of the 60th Annual Meeting of the Association for Computational Linguistics (Volume 1: Long Papers)},
  pages={1713--1726},
  year={2022}
}

@inproceedings{huang2022language,
      title={Language Models as Zero-Shot Planners: Extracting Actionable Knowledge for Embodied Agents},
      author={Huang, Wenlong and Abbeel, Pieter and Pathak, Deepak and Mordatch, Igor},
      booktitle={International Conference on Machine Learning (ICML)},
      year={2022}
}

@inproceedings{puig2018virtualhome,
  title={Virtualhome: Simulating household activities via programs},
  author={Puig, Xavier and Ra, Kevin and Boben, Marko and Li, Jiaman and Wang, Tingwu and Fidler, Sanja and Torralba, Antonio},
  booktitle={Proceedings of the IEEE Conference on Computer Vision and Pattern Recognition},
  pages={8494--8502},
  year={2018}
}

 @InProceedings{shridhar2020alfred,
author = {Shridhar, Mohit and Thomason, Jesse and Gordon, Daniel and Bisk, Yonatan and Han, Winson and Mottaghi, Roozbeh and Zettlemoyer, Luke and Fox, Dieter},
title = {ALFRED: A Benchmark for Interpreting Grounded Instructions for Everyday Tasks},
booktitle = {Proceedings of the IEEE/CVF Conference on Computer Vision and Pattern Recognition (CVPR)},
month = {June},
year = {2020}
}

@article{li2022pre,
  title={Pre-trained language models for interactive decision-making},
  author={Li, Shuang and Puig, Xavier and Du, Yilun and Wang, Clinton and Akyurek, Ekin and Torralba, Antonio and Andreas, Jacob and Mordatch, Igor},
  journal={arXiv preprint arXiv:2202.01771},
  year={2022}
}

@article{ahn2022can,
  title={Do as {I} can, not as {I} say: Grounding language in robotic affordances},
  author={Ahn, Michael and Brohan, Anthony and Brown, Noah and Chebotar, Yevgen and Cortes, Omar and David, Byron and Finn, Chelsea and Gopalakrishnan, Keerthana and Hausman, Karol and Herzog, Alex and others},
  journal={arXiv preprint arXiv:2204.01691},
  year={2022}
}

@article{huang2022inner,
  title={Inner Monologue: Embodied Reasoning through Planning with Language Models},
  author={Huang, Wenlong and Xia, Fei and Xiao, Ted and Chan, Harris and Liang, Jacky and Florence, Pete and Zeng, Andy and Tompson, Jonathan and Mordatch, Igor and Chebotar, Yevgen and others},
  journal={arXiv preprint arXiv:2207.05608},
  year={2022}
}

@article{raman2022planning,
  title={Planning with Large Language Models via Corrective Re-prompting},
  author={Raman, Shreyas Sundara and Cohen, Vanya and Rosen, Eric and Idrees, Ifrah and Paulius, David and Tellex, Stefanie},
  journal={arXiv preprint arXiv:2211.09935},
  year={2022}
}


@article{collins2022structured,
  title={Structured, flexible, and robust: benchmarking and improving large language models towards more human-like behavior in out-of-distribution reasoning tasks},
  author={Collins, Katherine M and Wong, Catherine and Feng, Jiahai and Wei, Megan and Tenenbaum, Joshua B},
  journal={arXiv preprint arXiv:2205.05718},
  year={2022}
}

@article{cohen2021learning,
  title={Learning to Follow Language Instructions with Compositional Policies},
  author={Cohen, Vanya and Tasse, Geraud Nangue and Gopalan, Nakul and James, Steven and Gombolay, Matthew and Rosman, Benjamin},
  journal={arXiv preprint arXiv:2110.04647},
  year={2021}
}

@incollection{simon2022park,
  title     = {TattleTale: Storytelling with Planning and Large Language Models},
  author    = {Nisha Simon and Christian Muise},
  booktitle = {ICAPS Workshop on Scheduling and Planning Applications woRKshop},
  year      = {2022},
}

@article{geffner2013concise,
  title={A concise introduction to models and methods for automated planning},
  author={Geffner, Hector and Bonet, Blai},
  journal={Synthesis Lectures on Artificial Intelligence and Machine Learning},
  volume={8},
  number={1},
  pages={1--141},
  year={2013},
  publisher={Morgan \& Claypool Publishers}
}

@misc{words10000,
    title={10,000 most common English words},
    author={Price, Eric},
    year={2022},
    howpublished={\url{https://www.mit.edu/~ecprice/wordlist.10000}},
    note={Accessed: 2022-09-27}
}

@article{sun2021long,
  title={Do Long-Range Language Models Actually Use Long-Range Context?},
  author={Sun, Simeng and Krishna, Kalpesh and Mattarella-Micke, Andrew and Iyyer, Mohit},
  journal={arXiv preprint arXiv:2109.09115},
  year={2021}
}

@inproceedings{silver2022pddl,
  title={PDDL Planning with Pretrained Large Language Models},
  author={Silver, Tom and Hariprasad, Varun and Shuttleworth, Reece S and Kumar, Nishanth and Lozano-P{\'e}rez, Tom{\'a}s and Kaelbling, Leslie Pack},
  booktitle={NeurIPS 2022 Foundation Models for Decision Making Workshop},
  year={2022},
}

@inproceedings{yang2022pg3,
      title={{PG3}: Policy-Guided Planning for Generalized Policy Generation}, 
      author={Ryan Yang and Tom Silver and Aidan Curtis and Tomas Lozano-Perez and Leslie Pack Kaelbling},
      year={2022},
      booktitle={IJCAI},
}

@String{aij = "Artificial Intelligence"}
@String{aimag = "AI Magazine"}

@Article{chapman-aij1987,
  author =       "David Chapman",
  title =        "Planning for Conjunctive Goals",
  journal =      aij,
  year =         "1987",
  volume =       "32",
  pages =        "333--377"
}


@Article{mcdermott-aimag2000,
  author =       "Drew McDermott",
  title  =       "The 1998 {AI} {Planning} {Systems} Competition",
  journal =      aimag,
  year =         "2000",
  volume =       "21",
  number =       "2",
  pages =        "35--55"
}

@article{richter2010lama,
  title={The LAMA planner: Guiding Cost-based Anytime Planning with Landmarks},
  author={Richter, Silvia and Westphal, Matthias},
  journal={Journal of Artificial Intelligence Research},
  volume={39},
  pages={127--177},
  year={2010}
}

@article{lfi,
  title={Induction in logic},
  author={De Raedt, Luc},
  journal={Proceedings of the 3rd International Workshop on Multistrategy Learning},
  pages={29--38},
  volume={1},
  year={1996}
}

@article{dt,
  title={Induction of decision trees},
  author={Quinlan, J. Ross},
  journal={Machine learning},
  volume={1},
  number={1},
  pages={81--106},
  year={1986},
  publisher={Springer}
}

@article{foldt,
  title={Top-down induction of first-order logical decision trees},
  author={Blockeel, Hendrik and De Raedt, Luc},
  journal={Artificial intelligence},
  volume={101},
  number={1-2},
  pages={285--297},
  year={1998},
  publisher={Elsevier}
}

@inproceedings{ilp2,
  title={Inductive Logic Programming.},
  author={Lavrac, Nada and Dzeroski, Saso},
  booktitle={Ellis Horwood Series in Artificial Intelligence},
  pages={146--160},
  year={1994},
  organization={Springer}
}

@article{ilp1,
  title={Inductive logic programming},
  author={Muggleton, Stephen},
  journal={New generation computing},
  volume={8},
  number={4},
  pages={295--318},
  year={1991},
  publisher={Springer}
}

@book{ilp3,
  title={Inductive Logic Programming: 14th International Conference, ILP 2004, Porto, Portugal, September 6-8, 2004, Proceedings},
  author={Camacho, Rui and King, Ross and Srinivasan, Ashwin},
  volume={3194},
  year={2004},
  publisher={Springer Science \& Business Media}
}

@inproceedings{seung1992query,
  title={Query by committee},
  author={Seung, H Sebastian and Opper, Manfred and Sompolinsky, Haim},
  booktitle={Proceedings of the fifth annual workshop on Computational learning theory},
  pages={287--294},
  year={1992},
  organization={ACM}
}

@article{triangletables,
  title={Learning and executing generalized robot plans},
  author={Fikes, Richard E and Hart, Peter E and Nilsson, Nils J},
  journal={Artificial intelligence},
  volume={3},
  pages={251--288},
  year={1972},
  publisher={Elsevier}
}

@inproceedings{minton1985selectively,
  title={Selectively Generalizing Plans for Problem-Solving},
  author={Minton, Steven},
  booktitle={IJCAI},
  pages={596 -- 599},
  year={1985}
}

@inproceedings{learnstripsconstraints,
  title={Active model learning and diverse action sampling for task and motion planning},
  author={Wang, Zi and Garrett, Caelan Reed and Kaelbling, Leslie Pack and Lozano-P{\'e}rez, Tom{\'a}s},
  booktitle={2018 IEEE/RSJ International Conference on Intelligent Robots and Systems (IROS)},
  pages={4107--4114},
  year={2018},
  organization={IEEE}
}

@inproceedings{learnstripsexpert,
  title={Planning While Learning Operators.},
  author={Wang, Xuemei},
  booktitle={AIPS},
  pages={229--236},
  year={1996}
}

@incollection{probilp,
  title={Probabilistic inductive logic programming},
  author={De Raedt, Luc and Kersting, Kristian},
  booktitle={Probabilistic Inductive Logic Programming},
  pages={1--27},
  year={2008},
  publisher={Springer}
}

@article{learnstripsnoisy,
  title={Learning STRIPS operators from noisy and incomplete observations},
  author={Mourao, Kira and Zettlemoyer, Luke S and Petrick, Ronald and Steedman, Mark},
  journal={arXiv preprint arXiv:1210.4889},
  year={2012}
}

@inproceedings{
anonymous2020meta,
title={Meta Reinforcement Learning with Autonomous Inference of Subtask Dependencies},
author={Anonymous},
booktitle={Submitted to International Conference on Learning Representations},
year={2020},
url={https://openreview.net/forum?id=HkgsWxrtPB},
note={under review}
}

@article{garcia2000integrated,
  title={An integrated approach of learning, planning, and execution},
  author={Garc{\'\i}a-Mart{\'\i}nez, Ram{\'o}n and Borrajo, Daniel},
  journal={Journal of Intelligent and Robotic Systems},
  volume={29},
  number={1},
  pages={47--78},
  year={2000},
  publisher={Springer}
}

@article{mourao2012learning,
  title={Learning STRIPS operators from noisy and incomplete observations},
  author={Mourao, Kira and Zettlemoyer, Luke S and Petrick, Ronald and Steedman, Mark},
  journal={arXiv preprint arXiv:1210.4889},
  year={2012}
}

@inproceedings{wang1996planning,
  title={Planning While Learning Operators.},
  author={Wang, Xuemei},
  booktitle={AIPS},
  pages={229--236},
  year={1996}
}

@incollection{gil1994learning,
  title={Learning by experimentation: Incremental refinement of incomplete planning domains},
  author={Gil, Yolanda},
  booktitle={Machine Learning Proceedings 1994},
  pages={87--95},
  year={1994},
  publisher={Elsevier}
}

@inproceedings{iw,
  title={Width and serialization of classical planning problems},
  author={Geffner, H{\'e}ctor and Lipovetzky, Nir},
  year={2012},
  booktitle={Proceedings of the European Conference on Artificial Intelligence}
}


@inproceedings{gil1993,
  title={Learning new planning operators by exploration and experimentation},
  author={Gil, Yolanda},
  booktitle={Proceedings of the AAAI Workshop on Learning Action Models},
  year={1993}
}

@article{amir2008learning,
  title={Learning partially observable deterministic action models},
  author={Amir, Eyal and Chang, Allen},
  journal={Journal of Artificial Intelligence Research},
  volume={33},
  pages={349--402},
  year={2008}
}

@article{pasula2007learning,
  title={Learning symbolic models of stochastic domains},
  author={Pasula, Hanna M and Zettlemoyer, Luke S and Kaelbling, Leslie Pack},
  journal={Journal of Artificial Intelligence Research},
  volume={29},
  pages={309--352},
  year={2007}
}

@inproceedings{rodrigues2010incremental,
  title={Incremental learning of relational action models in noisy environments},
  author={Rodrigues, Christophe and G{\'e}rard, Pierre and Rouveirol, C{\'e}line},
  booktitle={International Conference on Inductive Logic Programming},
  pages={206--213},
  year={2010},
  organization={Springer}
}

@article{zhuo2010learning,
  title={Learning complex action models with quantifiers and logical implications},
  author={Zhuo, Hankz Hankui and Yang, Qiang and Hu, Derek Hao and Li, Lei},
  journal={Artificial Intelligence},
  volume={174},
  number={18},
  pages={1540--1569},
  year={2010},
  publisher={Elsevier}
}

@article{lang2010planning,
  title={Planning with noisy probabilistic relational rules},
  author={Lang, Tobias and Toussaint, Marc},
  journal={Journal of Artificial Intelligence Research},
  volume={39},
  pages={1--49},
  year={2010}
}

@inproceedings{konidaris2014constructing,
  title={Constructing symbolic representations for high-level planning},
  author={Konidaris, George and Kaelbling, Leslie and Lozano-Perez, Tomas},
  booktitle={Twenty-Eighth AAAI Conference on Artificial Intelligence},
  year={2014}
}

@inproceedings{ng2019incremental,
  title={Incremental learning of planning actions in model-based reinforcement learning},
  author={Ng, Jun Hao Alvin and Petrick, Ronald},
  booktitle={Proceedings of the 28th International Joint Conference on Artificial Intelligence},
  pages={3195--3201},
  year={2019},
  organization={AAAI Press}
}

@article{cropper2019inductive,
  title={Inductive general game playing},
  author={Cropper, Andrew and Evans, Richard and Law, Mark},
  journal={arXiv preprint arXiv:1906.09627},
  year={2019}
}

@article{burda2018exploration,
  title={Exploration by random network distillation},
  author={Burda, Yuri and Edwards, Harrison and Storkey, Amos and Klimov, Oleg},
  journal={arXiv preprint arXiv:1810.12894},
  year={2018}
}

@article{florensa2017automatic,
  title={Automatic goal generation for reinforcement learning agents},
  author={Florensa, Carlos and Held, David and Geng, Xinyang and Abbeel, Pieter},
  journal={arXiv preprint arXiv:1705.06366},
  year={2017}
}

@inproceedings{forestier2016modular,
  title={Modular active curiosity-driven discovery of tool use},
  author={Forestier, S{\'e}bastien and Oudeyer, Pierre-Yves},
  booktitle={2016 IEEE/RSJ International Conference on Intelligent Robots and Systems (IROS)},
  pages={3965--3972},
  year={2016},
  organization={IEEE}
}

@inproceedings{lehman2008exploiting,
  title={Exploiting open-endedness to solve problems through the search for novelty.},
  author={Lehman, Joel and Stanley, Kenneth O},
  booktitle={Eleventh International Conference on Artificial Life (ALIFE XI)},
  year={2008}
}

@article{foil,
  title={Learning logical definitions from relations},
  author={Quinlan, J. Ross},
  journal={Machine learning},
  volume={5},
  number={3},
  pages={239--266},
  year={1990},
  publisher={Springer}
}

@article{oudeyer2018computational,
  title={Computational theories of curiosity-driven learning},
  author={Oudeyer, Pierre-Yves},
  journal={arXiv preprint arXiv:1802.10546},
  year={2018}
}

@inproceedings{pathak2017curiosity,
  title={Curiosity-driven exploration by self-supervised prediction},
  author={Pathak, Deepak and Agrawal, Pulkit and Efros, Alexei A and Darrell, Trevor},
  booktitle={Proceedings of the IEEE Conference on Computer Vision and Pattern Recognition Workshops},
  pages={16--17},
  year={2017}
}


@article{pathak2019self,
  title={Self-Supervised Exploration via Disagreement},
  author={Pathak, Deepak and Gandhi, Dhiraj and Gupta, Abhinav},
  journal={arXiv preprint arXiv:1906.04161},
  year={2019}
}

@inproceedings{schmidhuber2008driven,
  title={Driven by compression progress: A simple principle explains essential aspects of subjective beauty, novelty, surprise, interestingness, attention, curiosity, creativity, art, science, music, jokes},
  author={Schmidhuber, J{\"u}rgen},
  booktitle={Workshop on anticipatory behavior in adaptive learning systems},
  pages={48--76},
  year={2008},
  organization={Springer}
}

@inproceedings{tamphpn,
  title={Hierarchical task and motion planning in the now},
  author={Kaelbling, Leslie Pack and Lozano-P{\'e}rez, Tom{\'a}s},
  booktitle={Robotics and Automation (ICRA), 2011 IEEE International Conference on},
  pages={1470--1477},
  year={2011},
  organization={IEEE}
}

@inproceedings{tampinterface,
  title={Combined task and motion planning through an extensible planner-independent interface layer},
  author={Srivastava, Siddharth and Fang, Eugene and Riano, Lorenzo and Chitnis, Rohan and Russell, Stuart and Abbeel, Pieter},
  booktitle={Robotics and Automation (ICRA), 2014 IEEE International Conference on},
  pages={639--646},
  year={2014},
  organization={IEEE}
}

@inproceedings{tampconstraints,
  title={Incremental Task and Motion Planning: A Constraint-Based Approach},
  author={Dantam, Neil T and Kingston, Zachary K and Chaudhuri, Swarat and Kavraki, Lydia E},
  booktitle={Robotics: Science and Systems},
  pages={1--6},
  year={2016}
}

@inproceedings{tamplgp,
  title={Logic-Geometric Programming: An Optimization-Based Approach to Combined Task and Motion Planning},
  author={Toussaint, Marc},
  booktitle={IJCAI},
  pages={1930--1936},
  year={2015}
}

@article{stripstream,
  title={Stripstream: Integrating symbolic planners and blackbox samplers},
  author={Garrett, Caelan Reed and Lozano-P{\'e}rez, Tom{\'a}s and Kaelbling, Leslie Pack},
  journal={arXiv preprint arXiv:1802.08705},
  year={2018}
}

@phdthesis{ridder2014lifted,
  title={Lifted heuristics: towards more scalable planning systems},
  author={Ridder, Bernardus},
  year={2014},
  school={King's College London (University of London)}
}

@inproceedings{correa2020lifted,
  title={Lifted Successor Generation Using Query Optimization Techniques},
  author={Corr{\^e}a, Augusto B and Pommerening, Florian and Helmert, Malte and Frances, Guillem},
  booktitle={Proceedings of the International Conference on Automated Planning and Scheduling},
  volume={30},
  pages={80--89},
  year={2020}
}

@inproceedings{garrett2020pddlstream,
  title={PDDLStream: Integrating symbolic planners and blackbox samplers via optimistic adaptive planning},
  author={Garrett, Caelan Reed and Lozano-P{\'e}rez, Tom{\'a}s and Kaelbling, Leslie Pack},
  booktitle={Proceedings of the International Conference on Automated Planning and Scheduling},
  volume={30},
  pages={440--448},
  year={2020}
}

@article{ppddl,
  title={PPDDL1. 0: An extension to PDDL for expressing planning domains with probabilistic effects},
  author={Younes, H{\aa}kan LS and Littman, Michael L},
  journal={Techn. Rep. CMU-CS-04-162},
  volume={2},
  pages={99},
  year={2004}
}

@incollection{dyna,
  title={Integrated architectures for learning, planning, and reacting based on approximating dynamic programming},
  author={Sutton, Richard S},
  booktitle={Machine learning proceedings 1990},
  pages={216--224},
  year={1990},
  publisher={Elsevier}
}

@inproceedings{tang2017exploration,
  title={\# Exploration: A study of count-based exploration for deep reinforcement learning},
  author={Tang, Haoran and Houthooft, Rein and Foote, Davis and Stooke, Adam and Chen, OpenAI Xi and Duan, Yan and Schulman, John and DeTurck, Filip and Abbeel, Pieter},
  booktitle={Advances in neural information processing systems},
  pages={2753--2762},
  year={2017}
}

@article{oudeyer2007intrinsic,
  title={Intrinsic motivation systems for autonomous mental development},
  author={Oudeyer, Pierre-Yves and Kaplan, Frdric and Hafner, Verena V},
  journal={IEEE transactions on evolutionary computation},
  volume={11},
  number={2},
  pages={265--286},
  year={2007},
  publisher={IEEE}
}

@inproceedings{lopes2012exploration,
  title={Exploration in model-based reinforcement learning by empirically estimating learning progress},
  author={Lopes, Manuel and Lang, Tobias and Toussaint, Marc and Oudeyer, Pierre-Yves},
  booktitle={Advances in neural information processing systems},
  pages={206--214},
  year={2012}
}

@inproceedings{bellemare2016unifying,
  title={Unifying count-based exploration and intrinsic motivation},
  author={Bellemare, Marc and Srinivasan, Sriram and Ostrovski, Georg and Schaul, Tom and Saxton, David and Munos, Remi},
  booktitle={Advances in Neural Information Processing Systems},
  pages={1471--1479},
  year={2016}
}

@inproceedings{konidaris2007building,
  title={Building Portable Options: Skill Transfer in Reinforcement Learning.},
  author={Konidaris, George and Barto, Andrew G},
  booktitle={IJCAI},
  volume={7},
  pages={895--900},
  year={2007}
}

@article{goalbabbling1,
  title={Goal babbling permits direct learning of inverse kinematics},
  author={Rolf, Matthias and Steil, Jochen J and Gienger, Michael},
  journal={IEEE Transactions on Autonomous Mental Development},
  volume={2},
  number={3},
  pages={216--229},
  year={2010},
  publisher={IEEE}
}

@inproceedings{mutex1,
  title={Using coarse state space abstractions to detect mutex pairs},
  author={Sadeqi, Mehdi and Holte, Robert C and Zilles, Sandra},
  booktitle={Tenth Symposium of Abstraction, Reformulation, and Approximation},
  year={2013}
}

@inproceedings{mutex2,
  title={A Comparison of h 2 and MMM for Mutex Pair Detection Applied to Pattern Databases},
  author={Sadeqi, Mehdi and Holte, Robert C and Zilles, Sandra},
  booktitle={Canadian Conference on Artificial Intelligence},
  pages={227--238},
  year={2014},
  organization={Springer}
}

@article{goalbabbling2,
  title={Goal babbling: a new concept for early sensorimotor exploration},
  author={Rolf, Matthias and Steil, Jochen J and others},
  journal={Osaka},
  volume={11},
  pages={2012},
  year={2012}
}

@article{openaigym,
  title={Open{AI} gym},
  author={Brockman, Greg and Cheung, Vicki and Pettersson, Ludwig and Schneider, Jonas and Schulman, John and Tang, Jie and Zaremba, Wojciech},
  journal={arXiv preprint arXiv:1606.01540},
  year={2016}
}

@inproceedings{houthooft2016vime,
  title={Vime: Variational information maximizing exploration},
  author={Houthooft, Rein and Chen, Xi and Duan, Yan and Schulman, John and De Turck, Filip and Abbeel, Pieter},
  booktitle={Advances in Neural Information Processing Systems},
  pages={1109--1117},
  year={2016}
}

@article{rivlin2020generalized,
  title={Generalized Planning With Deep Reinforcement Learning},
  author={Rivlin, Or and Hazan, Tamir and Karpas, Erez},
  journal={arXiv preprint arXiv:2005.02305},
  year={2020}
}

@article{burda2018large,
  title={Large-scale study of curiosity-driven learning},
  author={Burda, Yuri and Edwards, Harri and Pathak, Deepak and Storkey, Amos and Darrell, Trevor and Efros, Alexei A},
  journal={arXiv preprint arXiv:1808.04355},
  year={2018}
}

@article{baranes2013active,
  title={Active learning of inverse models with intrinsically motivated goal exploration in robots},
  author={Baranes, Adrien and Oudeyer, Pierre-Yves},
  journal={Robotics and Autonomous Systems},
  volume={61},
  number={1},
  pages={49--73},
  year={2013},
  publisher={Elsevier}
}

@article{cropper2019playgol,
  title={Playgol: learning programs through play},
  author={Cropper, Andrew},
  journal={arXiv preprint arXiv:1904.08993},
  year={2019}
}

@article{zpd,
  title={The zone of proximal development in Vygotsky’s analysis of learning and instruction},
  author={Chaiklin, Seth},
  journal={Vygotsky’s educational theory in cultural context},
  volume={1},
  pages={39--64},
  year={2003}
}

@article{hester2017intrinsically,
  title={Intrinsically motivated model learning for developing curious robots},
  author={Hester, Todd and Stone, Peter},
  journal={Artificial Intelligence},
  volume={247},
  pages={170--186},
  year={2017},
  publisher={Elsevier}
}

@inproceedings{rodrigues2011active,
  title={Active learning of relational action models},
  author={Rodrigues, Christophe and G{\'e}rard, Pierre and Rouveirol, C{\'e}line and Soldano, Henry},
  booktitle={International Conference on Inductive Logic Programming},
  pages={302--316},
  year={2011},
  organization={Springer}
}

@incollection{benson1995inductive,
  title={Inductive learning of reactive action models},
  author={Benson, Scott},
  booktitle={Machine Learning Proceedings 1995},
  pages={47--54},
  year={1995},
  publisher={Elsevier}
}

@article{arora2018review,
  title={A review of learning planning action models},
  author={Arora, Ankuj and Fiorino, Humbert and Pellier, Damien and M{\'e}tivier, Marc and Pesty, Sylvie},
  journal={The Knowledge Engineering Review},
  volume={33},
  year={2018},
  publisher={Cambridge University Press}
}

@article{lai1985asymptotically,
  title={Asymptotically efficient adaptive allocation rules},
  author={Lai, Tze Leung and Robbins, Herbert},
  journal={Advances in applied mathematics},
  volume={6},
  number={1},
  pages={4--22},
  year={1985},
  publisher={Academic Press}
}

@article{strehl2008analysis,
  title={An analysis of model-based interval estimation for Markov decision processes},
  author={Strehl, Alexander L and Littman, Michael L},
  journal={Journal of Computer and System Sciences},
  volume={74},
  number={8},
  pages={1309--1331},
  year={2008},
  publisher={Elsevier}
}

@inproceedings{schmidhuber1991possibility,
  title={A possibility for implementing curiosity and boredom in model-building neural controllers},
  author={Schmidhuber, J{\"u}rgen},
  booktitle={Proc. of the international conference on simulation of adaptive behavior: From animals to animats},
  pages={222--227},
  year={1991}
}

@inproceedings{ngo2012learning,
  title={Learning skills from play: artificial curiosity on a katana robot arm},
  author={Ngo, Hung and Luciw, Matthew and Forster, Alexander and Schmidhuber, Juergen},
  booktitle={The 2012 international joint conference on neural networks (IJCNN)},
  pages={1--8},
  year={2012},
  organization={IEEE}
}

@article{achiam2017surprise,
  title={Surprise-based intrinsic motivation for deep reinforcement learning},
  author={Achiam, Joshua and Sastry, Shankar},
  journal={arXiv preprint arXiv:1703.01732},
  year={2017}
}

@article{eysenbach2018diversity,
  title={Diversity is all you need: Learning skills without a reward function},
  author={Eysenbach, Benjamin and Gupta, Abhishek and Ibarz, Julian and Levine, Sergey},
  journal={arXiv preprint arXiv:1802.06070},
  year={2018}
}

@inproceedings{szita2008many,
  title={The many faces of optimism: a unifying approach},
  author={Szita, Istv{\'a}n and L{\H{o}}rincz, Andr{\'a}s},
  booktitle={Proceedings of the 25th international conference on Machine learning},
  pages={1048--1055},
  year={2008},
  organization={ACM}
}

@article{dvzeroski2001relational,
  title={Relational reinforcement learning},
  author={D{\v{z}}eroski, Sa{\v{s}}o and De Raedt, Luc and Driessens, Kurt},
  journal={Machine learning},
  volume={43},
  number={1-2},
  pages={7--52},
  year={2001},
  publisher={Springer}
}

@article{kim19learning,
  title={Learning value functions with relational state representations for guiding task-and-motion planning},
  author={Kim, Beomjoon and Shimanuki, Luke},
  journal={Conference on Robot Learning},
  year={2019},
}

@incollection{wang1995learning,
  title={Learning by observation and practice: An incremental approach for planning operator acquisition},
  author={Wang, Xuemei},
  booktitle={Machine Learning Proceedings 1995},
  pages={549--557},
  year={1995},
  publisher={Elsevier}
}

@article{porter1986experimental,
  title={Experimental goal regression: A method for learning problem-solving heuristics},
  author={Porter, Bruce W and Kibler, Dennis F},
  journal={Machine Learning},
  volume={1},
  number={3},
  pages={249--285},
  year={1986},
  publisher={Springer}
}

@incollection{mitchell1983learning,
  title={Learning by experimentation: Acquiring and refining problem-solving heuristics},
  author={Mitchell, Tom M and Utgoff, Paul E and Banerji, Ranan},
  booktitle={Machine learning},
  pages={163--190},
  year={1983},
  publisher={Springer}
}

@article{van2006first,
  title={First order random forests: Learning relational classifiers with complex aggregates},
  author={Van Assche, Anneleen and Vens, Celine and Blockeel, Hendrik and D{\v{z}}eroski, Sa{\v{s}}o},
  journal={Machine Learning},
  volume={64},
  number={1-3},
  pages={149--182},
  year={2006},
  publisher={Springer}
}

@article{prodigy,
  title={Integrating planning and learning: The PRODIGY architecture},
  author={Veloso, Manuela and Carbonell, Jaime and Perez, Alicia and Borrajo, Daniel and Fink, Eugene and Blythe, Jim},
  journal={Journal of Experimental \& Theoretical Artificial Intelligence},
  volume={7},
  number={1},
  pages={81--120},
  year={1995},
  publisher={Taylor \& Francis}
}


@book{minton1999mlforplanning,
  title={Machine learning methods for planning},
  author={Minton, Steven},
  year={1993},
  publisher={Morgan Kaufmann}
}


@incollection{vere1978inductive,
  title={Inductive learning of relational productions},
  author={Vere, Steven A},
  booktitle={Pattern-Directed Inference Systems},
  pages={281--295},
  year={1978},
  publisher={Elsevier}
}

@inproceedings{kadie1988diffy,
  title={Diffy-S: Learning robot operator schemata from examples},
  author={Kadie, Carl Myers},
  booktitle={Proceedings of the Fifth International Conference on Machine Learning},
  pages={430--436},
  year={1988},
  organization={Morgan Kaufmann Publishers Inc.}
}

@incollection{carbonell1990learning,
  title={Learning by experimentation: The operator refinement method},
  author={Carbonell, Jaime G and Gil, Yolanda},
  booktitle={Machine learning},
  pages={191--213},
  year={1990},
  publisher={Elsevier}
}

@inproceedings{shen1989rule,
  title={Rule Creation and Rule Learning Through Environmental Exploration.},
  author={Shen, Wei-Min and Simon, Herbert A},
  booktitle={IJCAI},
  pages={675--680},
  year={1989},
  organization={Citeseer}
}

@article{tae1999experimentation,
  title={Experimentation-Driven Knowledge Acquisition for Planning},
  author={Tae, Kang Soo and Cook, Diane J and Holder, Lawrence B},
  journal={Computational Intelligence},
  volume={15},
  number={3},
  pages={252--279},
  year={1999},
  publisher={Wiley Online Library}
}

@ARTICLE{Shen94autonomouslearning,
    author = {Weimin Shen and Herbert A. Simon},
    title = {Autonomous Learning from the Environment},
    journal = {W. H. Freeman and Company},
    year = {1994}
}

@article{shen1993discovery,
  title={Discovery as autonomous learning from the environment},
  author={Shen, Wei-Min},
  journal={Machine learning},
  volume={12},
  number={1-3},
  pages={143--165},
  year={1993},
  publisher={Springer}
}

@inproceedings{otero2003induction,
  title={Induction of the effects of actions by monotonic methods},
  author={Otero, Ramon P},
  booktitle={International Conference on Inductive Logic Programming},
  pages={299--310},
  year={2003},
  organization={Springer}
}

@article{lang2012exploration,
  title={Exploration in relational domains for model-based reinforcement learning},
  author={Lang, Tobias and Toussaint, Marc and Kersting, Kristian},
  journal={Journal of Machine Learning Research},
  volume={13},
  number={Dec},
  pages={3725--3768},
  year={2012}
}

@article{kearns2002near,
  title={Near-optimal reinforcement learning in polynomial time},
  author={Kearns, Michael and Singh, Satinder},
  journal={Machine learning},
  volume={49},
  number={2-3},
  pages={209--232},
  year={2002},
  publisher={Springer}
}

@phdthesis{walsh2010efficient,
  title={Efficient learning of relational models for sequential decision making},
  author={Walsh, Thomas J},
  year={2010},
  school={Rutgers University-Graduate School-New Brunswick}
}

@inproceedings{mehta2011efficient,
  title={Efficient Learning of Action Models for Planning},
  author={Mehta, Neville and Tadepalli, Prasad and Fern, Alan},
  booktitle={PAL 2011 3rd Workshop on Planning and Learning},
  year={2011},
  pages={44}
}

@inproceedings{guestrin2002algorithm,
  title={Algorithm-directed exploration for model-based reinforcement learning in factored MDPs},
  author={Guestrin, Carlos and Patrascu, Relu and Schuurmans, Dale},
  booktitle={ICML},
  pages={235--242},
  year={2002}
}

@inproceedings{kearns1999efficient,
  title={Efficient reinforcement learning in factored MDPs},
  author={Kearns, Michael and Koller, Daphne},
  booktitle={IJCAI},
  volume={16},
  pages={740--747},
  year={1999}
}

@article{parisotto2016neuro,
  title={Neuro-symbolic program synthesis},
  author={Parisotto, Emilio and Mohamed, Abdel-rahman and Singh, Rishabh and Li, Lihong and Zhou, Dengyong and Kohli, Pushmeet},
  journal={arXiv preprint arXiv:1611.01855},
  year={2016}
}

@inproceedings{haslum2007reducing,
  title={Reducing Accidental Complexity in Planning Problems.},
  author={Haslum, Patrik and others},
  booktitle={IJCAI},
  pages={1898--1903},
  year={2007}
}

@inproceedings{riddle2016improving,
  title={Improving performance by reformulating PDDL into a bagged representation},
  author={Riddle, Pat and Douglas, Jordan and Barley, Mike and Franco, Santiago},
  booktitle={Proceedings of the 8th Workshop on Heuristic Search for Domain-independent Planning (HSDIP@ ICAPS)},
  pages={28--36},
  year={2016}
}

@article{alshahrani2017neuro,
  title={Neuro-symbolic representation learning on biological knowledge graphs},
  author={Alshahrani, Mona and Khan, Mohammad Asif and Maddouri, Omar and Kinjo, Akira R and Queralt-Rosinach, N{\'u}ria and Hoehndorf, Robert},
  journal={Bioinformatics},
  volume={33},
  number={17},
  pages={2723--2730},
  year={2017},
  publisher={Oxford University Press}
}

@article{mao2019neuro,
  title={The neuro-symbolic concept learner: Interpreting scenes, words, and sentences from natural supervision},
  author={Mao, Jiayuan and Gan, Chuang and Kohli, Pushmeet and Tenenbaum, Joshua B and Wu, Jiajun},
  journal={arXiv preprint arXiv:1904.12584},
  year={2019}
}

@book{koller2007introduction,
  title={Introduction to statistical relational learning},
  author={Koller, Daphne and Friedman, Nir and D{\v{z}}eroski, Sa{\v{s}}o and Sutton, Charles and McCallum, Andrew and Pfeffer, Avi and Abbeel, Pieter and Wong, Ming-Fai and Heckerman, David and Meek, Chris and others},
  year={2007},
  publisher={MIT press}
}

@article{brafman2002r,
  title={R-max-a general polynomial time algorithm for near-optimal reinforcement learning},
  author={Brafman, Ronen I and Tennenholtz, Moshe},
  journal={Journal of Machine Learning Research},
  volume={3},
  number={Oct},
  pages={213--231},
  year={2002}
}

@article{bryant2001combining,
  title={Combining inductive logic programming, active learning and robotics to discover the function of genes},
  author={Bryant, Christopher H and Muggleton, SH and Kell, DB and Reiser, P and King, RD and Oliver, SG and others},
  journal={Electronic Transactions in Artificial Intelligence},
  volume={5},
  number={B},
  pages={1--36},
  year={2001},
  publisher={Royal Swedish Academy of Sciences}
}

@inproceedings{ipc2008,
  title={International planning competition uncertainty part: Benchmarks and results},
  author={Bryce, Daniel and Buffet, Olivier},
  booktitle={In Proceedings of IPC},
  year={2008},
}

@inproceedings{sivaraman2019active,
  title={Active inductive logic programming for code search},
  author={Sivaraman, Aishwarya and Zhang, Tianyi and Van den Broeck, Guy and Kim, Miryung},
  booktitle={Proceedings of the 41st International Conference on Software Engineering},
  pages={292--303},
  year={2019},
  organization={IEEE Press}
}

@article{plotkin,
  title={A note on inductive generalization},
  author={Plotkin, Gordon D},
  journal={Machine intelligence},
  volume={5},
  number={1},
  pages={153-163},
  year={1970}
}

@inproceedings{pddlgym,
  author    = {Tom Silver and Rohan Chitnis},
  title     = {PDDLGym: Gym Environments from PDDL Problems},
  booktitle = {International Conference on Automated Planning and Scheduling (ICAPS) PRL Wor   kshop},
  year      = {2020},
  url       = {https://github.com/tomsilver/pddlgym},
}

@article{ff,
  title={{FF}: The fast-forward planning system},
  author={Hoffmann, J{\"o}rg},
  journal={AI magazine},
  volume={22},
  number={3},
  pages={57--57},
  year={2001}
}

@article{strips,
  title={{STRIPS}: A new approach to the application of theorem proving to problem solving},
  author={Fikes, Richard E and Nilsson, Nils J},
  journal={Artificial intelligence},
  volume={2},
  number={3-4},
  pages={189--208},
  year={1971},
  publisher={Elsevier}
}

@inproceedings{mmmmutex,
  title={Detecting mutex pairs in state spaces by sampling},
  author={Sadeqi, Mehdi and Holte, Robert C and Zilles, Sandra},
  booktitle={Australasian Joint Conference on Artificial Intelligence},
  pages={490--501},
  year={2013},
  organization={Springer}
}

@inproceedings{lightworld,
  title={Building Portable Options: Skill Transfer in Reinforcement Learning.},
  author={Konidaris, George and Barto, Andrew G},
  booktitle={IJCAI},
  pages={895--900},
  volume={7},
  year={2007},
}

@inproceedings{tadepalli2004relational,
  title={Relational reinforcement learning: An overview},
  author={Tadepalli, Prasad and Givan, Robert and Driessens, Kurt},
  booktitle={Proceedings of the ICML-2004 workshop on relational reinforcement learning},
  pages={1--9},
  year={2004}
}

@article{pybullet,
  title={Py{B}ullet, a python module for physics simulation for games, robotics and machine learning},
  author={Coumans, Erwin and Bai, Yunfei},
  journal={GitHub repository},
  year={2016}
}

@book{stout1974almost,
  title={Almost sure convergence},
  author={Stout, William F},
  volume={24},
  year={1974},
  publisher={Academic Pr}
}

@article{ipc,
  title={The 3rd international planning competition: Results and analysis},
  author={Long, Derek and Fox, Maria},
  journal={Journal of Artificial Intelligence Research},
  volume={20},
  pages={1--59},
  year={2003}
}


@article{ipc2014,
  title={The 2014 international planning competition: Progress and trends},
  author={Vallati, Mauro and Chrpa, Lukas and Grze{\'s}, Marek and McCluskey, Thomas Leo and Roberts, Mark and Sanner, Scott and others},
  journal={Ai Magazine},
  volume={36},
  number={3},
  pages={90--98},
  year={2015}
}


@article{fd,
  title={The fast downward planning system},
  author={Helmert, Malte},
  journal={Journal of Artificial Intelligence Research},
  volume={26},
  pages={191--246},
  year={2006}
}

@article{pednault1989adl,
  title={{ADL}: Exploring the Middle Ground Between STRIPS and the Situation Calculus.},
  author={Pednault, Edwin PD},
  journal={Kr},
  volume={89},
  pages={324--332},
  year={1989}
}


@article{forestier2017intrinsically,
  title={Intrinsically motivated goal exploration processes with automatic curriculum learning},
  author={Forestier, S{\'e}bastien and Mollard, Yoan and Oudeyer, Pierre-Yves},
  journal={arXiv preprint arXiv:1708.02190},
  year={2017}
}

@inproceedings{laversanne2018curiosity,
  title={Curiosity Driven Exploration of Learned Disentangled Goal Spaces},
  author={Laversanne-Finot, Adrien and Pere, Alexandre and Oudeyer, Pierre-Yves},
  booktitle={Conference on Robot Learning},
  pages={487--504},
  year={2018}
}

@inproceedings{nair2018visual,
  title={Visual reinforcement learning with imagined goals},
  author={Nair, Ashvin V and Pong, Vitchyr and Dalal, Murtaza and Bahl, Shikhar and Lin, Steven and Levine, Sergey},
  booktitle={Advances in Neural Information Processing Systems},
  pages={9191--9200},
  year={2018}
}

@article{rddl,
  title={Relational dynamic influence diagram language (rddl): Language description},
  author={Sanner, Scott},
  journal={Unpublished ms. Australian National University},
  volume={32},
  pages={27},
  year={2010}
}


@INPROCEEDINGS{ffreplan,
    author = {Sungwook Yoon and Alan Fern and Robert Givan},
    title = {FF-Replan: A baseline for probabilistic planning},
    booktitle = {In ICAPS},
    year = {2007}
}

@article{cresswell2013acquiring,
  title={Acquiring planning domain models using LOCM},
  author={Cresswell, Stephen N and McCluskey, Thomas L and West, Margaret M},
  journal={The Knowledge Engineering Review},
  volume={28},
  number={2},
  pages={195--213},
  year={2013},
  publisher={Cambridge University Press}
}

@inproceedings{aineto2018learning,
  title={Learning STRIPS action models with classical planning},
  author={Aineto, Diego and Jim{\'e}nez, Sergio and Onaindia, Eva},
  booktitle={Twenty-Eighth International Conference on Automated Planning and Scheduling},
  year={2018}
}


@article{rrt,
  title={Rapidly-exploring random trees: Progress and prospects},
  author={LaValle, Steven M and Kuffner, James J},
  journal={Algorithmic and computational robotics: new directions},
  pages={293--308},
  year={2001}
}

@misc{campero2020learning,
    title={Learning with AMIGo: Adversarially Motivated Intrinsic Goals},
    author={Andres Campero and Roberta Raileanu and Heinrich Küttler and Joshua B. Tenenbaum and Tim Rocktäschel and Edward Grefenstette},
    year={2020},
    eprint={2006.12122},
    archivePrefix={arXiv},
    primaryClass={cs.LG}
}

@misc{sekar2020planning,
    title={Planning to Explore via Self-Supervised World Models},
    author={Ramanan Sekar and Oleh Rybkin and Kostas Daniilidis and Pieter Abbeel and Danijar Hafner and Deepak Pathak},
    year={2020},
    eprint={2005.05960},
    archivePrefix={arXiv},
    primaryClass={cs.LG}
}

@inproceedings{gnad2019learning,
  title={Learning how to ground a plan--Partial grounding in classical planning},
  author={Gnad, Daniel and Torralba, Alvaro and Dom{\'\i}nguez, Mart{\'\i}n and Areces, Carlos and Bustos, Facundo},
  booktitle={Proceedings of the AAAI Conference on Artificial Intelligence},
  volume={33},
  pages={7602--7609},
  year={2019}
}

@article{bonet2001planning,
  title={Planning as heuristic search},
  author={Bonet, Blai and Geffner, H{\'e}ctor},
  journal={Artificial Intelligence. 2001 Jun; 129 (1-2): 5-33},
  year={2001},
  publisher={Elsevier}
}

@inproceedings{koenig2002incremental,
  title={Incremental a},
  author={Koenig, Sven and Likhachev, Maxim},
  booktitle={Advances in neural information processing systems},
  pages={1539--1546},
  year={2002}
}

@article{koenig2004incremental,
  title={Incremental heuristic search in AI},
  author={Koenig, Sven and Likhachev, Maxim and Liu, Yaxin and Furcy, David},
  journal={AI Magazine},
  volume={25},
  number={2},
  pages={99--99},
  year={2004}
}

@article{qu2019gmnn,
  title={Gmnn: Graph markov neural networks},
  author={Qu, Meng and Bengio, Yoshua and Tang, Jian},
  journal={arXiv preprint arXiv:1905.06214},
  year={2019}
}

@inproceedings{pommerening2013incremental,
    title={Incremental lm-cut},
  author={Pommerening, Florian and Helmert, Malte},
booktitle={Proceedings of the International Conference on Automated Planning and Scheduling},
year = {2013}
}


@article{silver2016mastering,
  title={Mastering the game of Go with deep neural networks and tree search},
  author={Silver, David and Huang, Aja and Maddison, Chris J and Guez, Arthur and Sifre, Laurent and Van Den Driessche, George and Schrittwieser, Julian and Antonoglou, Ioannis and Panneershelvam, Veda and Lanctot, Marc and others},
  journal={nature},
  volume={529},
  number={7587},
  pages={484--489},
  year={2016},
  publisher={Nature Publishing Group}
}



@inproceedings{andre2002state,
  title={State abstraction for programmable reinforcement learning agents},
  author={Andre, David and Russell, Stuart J},
  booktitle={AAAI/IAAI},
  pages={119--125},
  year={2002}
}

@article{dearden1997abstraction,
  title={Abstraction and approximate decision-theoretic planning},
  author={Dearden, Richard and Boutilier, Craig},
  journal={Artificial Intelligence},
  volume={89},
  number={1-2},
  pages={219--283},
  year={1997},
  publisher={Elsevier}
}

@inproceedings{bai2016markovian,
  title={Markovian State and Action Abstractions for MDPs via Hierarchical MCTS.},
  author={Bai, Aijun and Srivastava, Siddharth and Russell, Stuart J},
  booktitle={IJCAI},
  pages={3029--3039},
  year={2016}
}

@article{bertsekas1988adaptive,
  title={Adaptive aggregation methods for infinite horizon dynamic programming},
  author={Bertsekas, Dimitri P and Castanon, David A and others},
  year={1988},
  journal={IEEE Transactions on Automatic Control},
  publisher={Dept. of Electrical Engineering and Computer Science}
}

@article{bean1987aggregation,
  title={Aggregation in dynamic programming},
  author={Bean, James C and Birge, John R and Smith, Robert L},
  journal={Operations Research},
  volume={35},
  number={2},
  pages={215--220},
  year={1987},
  publisher={INFORMS}
}

@inproceedings{konidarisabstractions,
  title={Efficient skill learning using abstraction selection},
  author={Konidaris, George and Barto, Andrew},
  booktitle={Twenty-First International Joint Conference on Artificial Intelligence},
  year={2009}
}

@inproceedings{jong2005state,
  title={State Abstraction Discovery from Irrelevant State Variables.},
  author={Jong, Nicholas K and Stone, Peter},
  booktitle={IJCAI},
  volume={8},
  pages={752--757},
  year={2005}
}

@inproceedings{konidaris2016constructing,
  title={Constructing abstraction hierarchies using a skill-symbol loop},
  author={Konidaris, George},
  booktitle={IJCAI: proceedings of the conference},
  volume={2016},
  pages={1648},
  year={2016},
  organization={NIH Public Access}
}

@inproceedings{dietterich2000overview,
  title={An overview of MAXQ hierarchical reinforcement learning},
  author={Dietterich, Thomas G},
  booktitle={International Symposium on Abstraction, Reformulation, and Approximation},
  pages={26--44},
  year={2000},
  organization={Springer}
}

@inproceedings{dietterich2000state,
  title={State abstraction in MAXQ hierarchical reinforcement learning},
  author={Dietterich, Thomas G},
  booktitle={Advances in Neural Information Processing Systems},
  pages={994--1000},
  year={2000}
}

@article{abel2017near,
  title={Near optimal behavior via approximate state abstraction},
  author={Abel, David and Hershkowitz, D Ellis and Littman, Michael L},
  journal={arXiv preprint arXiv:1701.04113},
  year={2017}
}

@inproceedings{ltamppaxton,
  title={Combining neural networks and tree search for task and motion planning in challenging environments},
  author={Paxton, Chris and Raman, Vasumathi and Hager, Gregory D and Kobilarov, Marin},
  booktitle={2017 IEEE/RSJ International Conference on Intelligent Robots and Systems (IROS)},
  pages={6059--6066},
  year={2017},
  organization={IEEE}
}

@phdthesis{gardiolthesis,
  author    = {Natalia Hernandez{-}Gardiol},
  title     = {Relational envelope-based planning},
  school    = {Massachusetts Institute of Technology, Cambridge, MA, {USA}},
  year      = {2008},
  url       = {http://hdl.handle.net/1721.1/43028},
  timestamp = {Tue, 25 Apr 2017 15:24:03 +0200},
  biburl    = {https://dblp.org/rec/phd/ndltd/Gardiol08.bib},
  bibsource = {dblp computer science bibliography, https://dblp.org}
}

@article{hoffman2013stochastic,
  title={Stochastic variational inference},
  author={Hoffman, Matthew D and Blei, David M and Wang, Chong and Paisley, John},
  journal={The Journal of Machine Learning Research},
  volume={14},
  number={1},
  pages={1303--1347},
  year={2013},
  publisher={JMLR. org}
}

@inproceedings{ltampchitnis,
  title={Guided search for task and motion plans using learned heuristics},
  author={Chitnis, Rohan and Hadfield-Menell, Dylan and Gupta, Abhishek and Srivastava, Siddharth and Groshev, Edward and Lin, Christopher and Abbeel, Pieter},
  booktitle={Robotics and Automation (ICRA), 2016 IEEE International Conference on},
  pages={447--454},
  year={2016},
  organization={IEEE}
}

@inproceedings{groshev2017learning,
    title={Learning generalized reactive policies using deep neural networks},
  author={Groshev, Edward and Goldstein, Maxwell and Tamar, Aviv and Srivastava, Siddharth and Abbeel, Pieter},
booktitle={Proceedings of the International Conference on Automated Planning and Scheduling},
year = {2018}
}

@inproceedings{ltampkim,
  title={Learning to guide task and motion planning using score-space representation},
  author={Kim, Beomjoon and Kaelbling, Leslie Pack and Lozano-P{\'e}rez, Tom{\'a}s},
  booktitle={Robotics and Automation (ICRA), 2017 IEEE International Conference on},
  pages={2810--2817},
  year={2017},
  organization={IEEE}
}

@inproceedings{ltampkim2,
  title={Guiding search in continuous state-action spaces by learning an action sampler from off-target search experience},
  author={Kim, Beomjoon and Kaelbling, Leslie Pack and Lozano-P{\'e}rez, Tom{\'a}s},
  booktitle={Thirty-Second AAAI Conference on Artificial Intelligence},
  year={2018}
}

@article{kim19learning,
  title={Learning value functions with relational state representations for guiding task-and-motion planning},
  author={Kim, Beomjoon and Shimanuki, Luke},
  journal={Conference on Robot Learning},
  year={2019},
}

@InProceedings{driess2020rss,
  title = {Deep Visual Reasoning: Learning to Predict Action Sequences for Task and Motion Planning from an Initial Scene Image},
  author  = {Danny Driess and Jung-Su Ha and Marc Toussaint},
  booktitle  = {Proc{.} of Robotics: Science and Systems (R:SS)},
  year = {2020}
}

@article{garrett2016learning,
  title={Learning to rank for synthesizing planning heuristics},
  author={Garrett, Caelan Reed and Kaelbling, Leslie Pack and Lozano-P{\'e}rez, Tom{\'a}s},
  journal={arXiv preprint arXiv:1608.01302},
  year={2016}
}

@inproceedings{shen2020learning,
  title={Learning domain-independent planning heuristics with hypergraph networks},
  author={Shen, William and Trevizan, Felipe and Thi{\'e}baux, Sylvie},
  booktitle={Proceedings of the International Conference on Automated Planning and Scheduling},
  volume={30},
  pages={574--584},
  year={2020}
}

@inproceedings{gomoluch2019learning,
  title={Learning classical planning strategies with policy gradient},
  author={Gomoluch, Pawe{\l} and Alrajeh, Dalal and Russo, Alessandra},
  booktitle={Proceedings of the International Conference on Automated Planning and Scheduling},
  volume={29},
  pages={637--645},
  year={2019}
}

@article{arfaee2011learning,
  title={Learning heuristic functions for large state spaces},
  author={Arfaee, Shahab Jabbari and Zilles, Sandra and Holte, Robert C},
  journal={Artificial Intelligence},
  volume={175},
  number={16-17},
  pages={2075--2098},
  year={2011},
  publisher={Elsevier}
}


@article{yoon2008learning,
  title={Learning control knowledge for forward search planning},
  author={Yoon, Sungwook and Fern, Alan and Givan, Robert},
  journal={Journal of Machine Learning Research},
  volume={9},
  number={Apr},
  pages={683--718},
  year={2008}
}

@inproceedings{ma2020online,
  title={Online Planner Selection with Graph Neural Networks and Adaptive Scheduling.},
  author={Ma, Tengfei and Ferber, Patrick and Huo, Siyu and Chen, Jie and Katz, Michael},
  booktitle={AAAI},
  pages={5077--5084},
  year={2020}
}



@article{dong2019neural,
  title={Neural logic machines},
  author={Dong, Honghua and Mao, Jiayuan and Lin, Tian and Wang, Chong and Li, Lihong and Zhou, Denny},
  journal={arXiv preprint arXiv:1904.11694},
  year={2019}
}

@article{battaglia2018relational,
  title={Relational inductive biases, deep learning, and graph networks},
  author={Battaglia, Peter W and Hamrick, Jessica B and Bapst, Victor and Sanchez-Gonzalez, Alvaro and Zambaldi, Vinicius and Malinowski, Mateusz and Tacchetti, Andrea and Raposo, David and Santoro, Adam and Faulkner, Ryan and others},
  journal={arXiv preprint arXiv:1806.01261},
  year={2018}
}

@article{scarselli2008graph,
  title={The graph neural network model},
  author={Scarselli, Franco and Gori, Marco and Tsoi, Ah Chung and Hagenbuchner, Markus and Monfardini, Gabriele},
  journal={IEEE Transactions on Neural Networks},
  volume={20},
  number={1},
  pages={61--80},
  year={2008},
  publisher={IEEE}
}

@article{kipf2016semi,
  title={Semi-supervised classification with graph convolutional networks},
  author={Kipf, Thomas N and Welling, Max},
  journal={arXiv preprint arXiv:1609.02907},
  year={2016}
}

@article{wu2020comprehensive,
  title={A comprehensive survey on graph neural networks},
  author={Wu, Zonghan and Pan, Shirui and Chen, Fengwen and Long, Guodong and Zhang, Chengqi and Philip, S Yu},
  journal={IEEE Transactions on Neural Networks and Learning Systems},
  year={2020},
  publisher={IEEE}
}

@inproceedings{muise2012improved,
  title={Improved non-deterministic planning by exploiting state relevance},
  author={Muise, Christian James and McIlraith, Sheila A and Beck, Christopher},
  booktitle={Twenty-Second International Conference on Automated Planning and Scheduling},
  year={2012}
}

@article{layernorm,
  title={Layer normalization},
  author={Ba, Jimmy Lei and Kiros, Jamie Ryan and Hinton, Geoffrey E},
  journal={arXiv preprint arXiv:1607.06450},
  year={2016}
}

@article{groshev2018learning,
  title={Learning generalized reactive policies using deep neural networks},
  author={Groshev, Edward and Goldstein, Maxwell and Tamar, Aviv and Srivastava, Siddharth and Abbeel, Pieter},
  journal={Proceedings of the International Conference on Automated Planning and Scheduling},
  year={2018}
}

@phdthesis{winner2008dsplanner,
author = {Winner, Elly Zoe},
advisor = {Veloso, Manuela},
title = {Learning Domain-Specific Planners from Example Plans},
year = {2008},
school = {Carnegie Mellon University},
address = {USA},
abstract = {},
}

@article{Srivastava2011ANR,
  title={A new representation and associated algorithms for generalized planning},
  author={Siddharth Srivastava and N. Immerman and S. Zilberstein},
  journal={Artif. Intell.},
  year={2011},
  volume={175},
  pages={615-647}
}
@inproceedings{Srivastava2011DirectedSF,
  title={Directed Search for Generalized Plans Using Classical Planners},
  author={Siddharth Srivastava and N. Immerman and S. Zilberstein and Tianjiao Zhang},
  booktitle={ICAPS},
  year={2011}
}

@article{Illanes_McIlraith_2019, title={Generalized Planning via Abstraction: Arbitrary Numbers of Objects}, volume={33}, url={https://ojs.aaai.org/index.php/AAAI/article/view/4754}, DOI={10.1609/aaai.v33i01.33017610}, abstractNote={&lt;p&gt;We consider a class of generalized planning problems based on the idea of quantifying over sets of similar objects. We show how we can adapt fully observable nondeterministic planning techniques to produce generalized solutions that are easy to instantiate over particular problem instances. We also describe how we can reformulate a classical planning problem into a quantified one. The reformulation allows us to solve the original planning task without grounding every action with respect to all objects in the problem, and a single solution can be applied to a possibly infinite set of related classical planning tasks. We report experimental results that show our approach is a practical and promising technique for solving an interesting class of problems.&lt;/p&gt;}, number={01}, journal={Proceedings of the AAAI Conference on Artificial Intelligence}, author={Illanes, León and McIlraith, Sheila A.}, year={2019}, month={Jul.}, pages={7610-7618} }


@article{srivastava2008learning,
  title={Learning Generalized Plans Using Abstract Counting.},
  author={Srivastava, Siddharth and Immerman, Neil and Zilberstein, Shlomo},
  year={2008},
  journal={AAAI},
}

@article{srivastava2011foundations,
  title={Foundations and applications of generalized planning},
  author={Srivastava, Siddharth},
  journal={AI Communications},
  volume={24},
  number={4},
  pages={349--351},
  year={2011},
  publisher={IOS Press}
}

@inproceedings{segovia2020generalized,
  title={Generalized planning with positive and negative examples},
  author={Segovia-Aguas, Javier and Jim{\'e}nez, Sergio and Jonsson, Anders},
  booktitle={Proceedings of the AAAI Conference on Artificial Intelligence},
  volume={34},
  number={06},
  pages={9949--9956},
  year={2020}
}

@article{segovia2018computing,
  title={Computing hierarchical finite state controllers with classical planning},
  author={Segovia-Aguas, Javier and Jim{\'e}nez, Sergio and Jonsson, Anders},
  journal={Journal of Artificial Intelligence Research},
  volume={62},
  pages={755--797},
  year={2018}
}

@inproceedings{lotinac2016automatic,
  title={Automatic generation of high-level state features for generalized planning},
  author={Lotinac, Damir and Segovia-Aguas, Javier and Jim{\'e}nez, Sergio and Jonsson, Anders},
  booktitle={Proceedings of the 25th International Joint Conference on Artificial Intelligence; 2016 July 9-15; New York, United States. Palo Alto: AAAI Press; 2016. p. 3199-3205.},
  year={2016},
  organization={Association for the Advancement of Artificial Intelligence (AAAI)}
}

@misc{learning_abstractions_3,
      title={Learning General Policies from Small Examples Without Supervision}, 
      author={Guillem Francès and Blai Bonet and Hector Geffner},
      year={2021},
      eprint={2101.00692},
      archivePrefix={arXiv},
      primaryClass={cs.AI}
}

@inproceedings{SZIGaaai11,
  author        = {Siddharth Srivastava and Shlomo Zilberstein and Neil Immerman 
                   and Hector Geffner},
  title		= {Qualitative Numeric Planning},
  booktitle     = {Proceedings of the Twenty-Fifth Conference on
		   Artificial Intelligence},
  year		= {2011},
  pages		= {1010-1016},
  address       = {San Francisco, California},
  url		= {http://rbr.cs.umass.edu/shlomo/papers/SZIGaaai11.html}
}

@article{genplan_representation,
  author    = {Blai Bonet and
               Hector Geffner},
  title     = {Features, Projections, and Representation Change for Generalized Planning},
  journal   = {CoRR},
  volume    = {abs/1801.10055},
  year      = {2018},
  url       = {http://arxiv.org/abs/1801.10055},
  archivePrefix = {arXiv},
  eprint    = {1801.10055},
  timestamp = {Mon, 13 Aug 2018 16:48:48 +0200},
  biburl    = {https://dblp.org/rec/journals/corr/abs-1801-10055.bib},
  bibsource = {dblp computer science bibliography, https://dblp.org}
}

@inproceedings{fsa_planner,
  title={Planning with loops: Some new results},
  author={Hu, Yuxiao and Levesque, Hector},
  booktitle={ICAPS Workshop on Generalized Planning},
  pages={37},
  year={2009}
}


@inproceedings{kplanner,
  title={Planning with Loops},
  author={H. Levesque},
  booktitle={IJCAI},
  year={2005}
}

@article{segovia2019hierarchical,
  title={Hierarchical finite state controllers for generalized planning},
  author={Segovia-Aguas, Javier and Jim{\'e}nez, Sergio and Jonsson, Anders},
  journal={arXiv preprint arXiv:1911.02887},
  year={2019}
}

@article{frances2021learning,
  title={Learning General Policies from Small Examples Without Supervision},
  author={Franc{\`e}s, Guillem and Bonet, Blai and Geffner, Hector},
  journal={arXiv preprint arXiv:2101.00692},
  year={2021},
}

@article{bonet2020general,
  title={General Policies, Serializations, and Planning Width},
  author={Bonet, Blai and Geffner, Hector},
  journal={arXiv preprint arXiv:2012.08033},
  year={2020}
}

@article{bonet2019generalized,
  title={Generalized planning: Non-deterministic abstractions and trajectory constraints},
  author={Bonet, Blai and De Giacomo, Giuseppe and Geffner, Hector and Rubin, Sasha},
  journal={arXiv preprint arXiv:1909.12135},
  year={2019}
}

@inproceedings{bonet2019learning,
  title={Learning features and abstract actions for computing generalized plans},
  author={Bonet, Blai and Frances, Guillem and Geffner, Hector},
  booktitle={Proceedings of the AAAI Conference on Artificial Intelligence},
  volume={33},
  pages={2703--2710},
  year={2019}
}

@article{bonet2018features,
  title={Features, projections, and representation change for generalized planning},
  author={Bonet, Blai and Geffner, Hector},
  journal={arXiv preprint arXiv:1801.10055},
  year={2018}
}

@inproceedings{bonet2015policies,
  title={Policies that generalize: Solving many planning problems with the same policy},
  author={Bonet, Blai and Geffner, Hector},
  booktitle={Twenty-Fourth International Joint Conference on Artificial Intelligence},
  year={2015}
}

@inproceedings{hu2011generalized,
  title={Generalized planning: Synthesizing plans that work for multiple environments},
  author={Hu, Yuxiao and De Giacomo, Giuseppe},
  booktitle={IJCAI Proceedings-International Joint Conference on Artificial Intelligence},
  volume={22},
  pages={918},
  year={2011}
}

@article{khardon1999learning,
  title={Learning action strategies for planning domains},
  author={Khardon, Roni},
  journal={Artificial Intelligence},
  volume={113},
  number={1-2},
  pages={125--148},
  year={1999},
  publisher={Elsevier}
}

@inproceedings{jimenez2015computing,
  title={Computing plans with control flow and procedures using a classical planner},
  author={Jim{\'e}nez, Sergio and Jonsson, Anders},
  booktitle={Proceedings of the Eighth Annual Symposium on Combinatorial Search, SOCS-15},
  pages={62--69},
  year={2015}
}

@inproceedings{illanes2019generalized,
  title={Generalized planning via abstraction: Arbitrary numbers of objects},
  author={Illanes, Le{\'o}n and McIlraith, Sheila A},
  booktitle={Proceedings of the AAAI Conference on Artificial Intelligence},
  volume={33},
  number={01},
  pages={7610--7618},
  year={2019}
}

@article{martin2004learning,
  title={Learning generalized policies from planning examples using concept languages},
  author={Martin, Mario and Geffner, Hector},
  journal={Applied Intelligence},
  volume={20},
  number={1},
  pages={9--19},
  year={2004},
  publisher={Springer}
}


@article{yoon2002inductive,
  author = {Yoon, SungWook and Fern, Alan and Givan, Robert},
  title = {Inductive Policy Selection for First-Order MDPs},
  year = {2002},
  journal = {Proceedings of the Eighteenth Conference on Uncertainty in Artificial Intelligence},
}

@article{srivastava2011directed,
  title={Directed search for generalized plans using classical planners},
  author={Srivastava, Siddharth and Immerman, Neil and Zilberstein, Shlomo and Zhang, Tianjiao},
  journal={Proceedings of the International Conference on Automated Planning and Scheduling},
  year={2011},
}

@inproceedings{winner2003distill,
  title={DISTILL: Learning domain-specific planners by example},
  author={Winner, Elly and Veloso, Manuela M},
  booktitle={Proceedings of the 20th International Conference on Machine Learning (ICML-03)},
  pages={800--807},
  year={2003}
}

@article{joshi2002,
author = {Joshi, Rajeev and Nelson, Greg and Randall, Keith},
title = {Denali: A Goal-Directed Superoptimizer},
year = {2002},
issue_date = {May 2002},
journal={Association for Computing Machinery},
}

@article{bunel2016learning,
  title={Learning to superoptimize programs},
  author={Bunel, Rudy and Desmaison, Alban and Kumar, M Pawan and Torr, Philip HS and Kohli, Pushmeet},
  journal={International Conference on Learning Representations},
  year={2017}
}


@inproceedings{levesque2005planning,
  title={Planning with loops},
  author={Levesque, Hector J},
  booktitle={IJCAI},
  pages={509--515},
  year={2005}
}


@inproceedings{levine2003learning,
  title={Learning action strategies for planning domains using genetic programming},
  author={Levine, John and Humphreys, David},
  booktitle={Workshops on Applications of Evolutionary Computation},
  pages={684--695},
  year={2003},
  organization={Springer}
}

@techreport{pddl,
  title={PDDL-the planning domain definition language},
  author={McDermott, Drew and Ghallab, Malik and Howe, Adele and Knoblock, Craig and Ram, Ashwin and Veloso, Manuela and Weld, Daniel and Wilkins, David},
  year={1998},
  institution={Yale University}
}

@article{mooney1995induction,
  title={Induction of first-order decision lists: Results on learning the past tense of English verbs},
  author={Mooney, Raymond J and Califf, Mary Elaine},
  journal={Journal of Artificial Intelligence Research},
  volume={3},
  pages={1--24},
  year={1995}
}

@inproceedings{segovia2021generalized,
  title={Generalized Planning as Heuristic Search},
  author={Segovia-Aguas, Javier and Jim{\'e}nez, Sergio and Jonsson, Anders},
  booktitle={Proceedings of the International Conference on Automated Planning and Scheduling},
  volume={31},
  pages={569--577},
  year={2021}
}


@article{karia2020learning,
  title={Learning generalized relational heuristic networks for model-agnostic planning},
  author={Karia, Rushang and Srivastava, Siddharth},
  journal={arXiv preprint arXiv:2007.06702},
  year={2020}
}

@inproceedings{gcrl1,
  title={Horde: A scalable real-time architecture for learning knowledge from unsupervised sensorimotor interaction},
  author={Sutton, Richard S and Modayil, Joseph and Delp, Michael and Degris, Thomas and Pilarski, Patrick M and White, Adam and Precup, Doina},
  booktitle={The 10th International Conference on Autonomous Agents and Multiagent Systems-Volume 2},
  pages={761--768},
  year={2011}
}


@inproceedings{gcrl2,
  title={Universal value function approximators},
  author={Schaul, Tom and Horgan, Daniel and Gregor, Karol and Silver, David},
  booktitle={International conference on machine learning},
  pages={1312--1320},
  year={2015},
  organization={PMLR}
}


@article{gcrl5,
  title={Planning with goal-conditioned policies},
  author={Nasiriany, Soroush and Pong, Vitchyr H and Lin, Steven and Levine, Sergey},
  journal={arXiv preprint arXiv:1911.08453},
  year={2019}
}

@article{gcrl4,
  title={Long-horizon visual planning with goal-conditioned hierarchical predictors},
  author={Pertsch, Karl and Rybkin, Oleh and Ebert, Frederik and Zhou, Shenghao and Jayaraman, Dinesh and Finn, Chelsea and Levine, Sergey},
  journal={Advances in Neural Information Processing Systems},
  volume={33},
  year={2020}
}

@article{gcrl3,
  title={Temporal difference models: Model-free deep rl for model-based control},
  author={Pong, Vitchyr and Gu, Shixiang and Dalal, Murtaza and Levine, Sergey},
  journal={arXiv preprint arXiv:1802.09081},
  year={2018}
}


@Misc{pyperplan,
  author =       "Yusra Alkhazraji and Matthias Frorath and Markus Gr{\"u}tzner
                  and Malte Helmert and Thomas Liebetraut and Robert Mattm{\"u}ller
                  and Manuela Ortlieb and Jendrik Seipp and Tobias Springenberg and
                  Philip Stahl and Jan W{\"u}lfing",
  title =        "Pyperplan",
  publisher =    "Zenodo",
  year =         "2020",
  doi =          "10.5281/zenodo.3700819",
  url =          "https://doi.org/10.5281/zenodo.3700819",
  howpublished = "\url{https://doi.org/10.5281/zenodo.3700819}"
}
@inproceedings{ploi,
    title={Planning with Learned Object Importance in Large Problem Instances using Graph Neural Networks},
    author={Tom Silver and Rohan Chitnis and Aidan Curtis and Joshua Tenenbaum and Tomas Lozano-Perez and Leslie Pack Kaelbling},
    booktitle={AAAI},
    year={2021}
}

@inproceedings{loft,
  title={Learning Symbolic Operators for Task and Motion Planning}, 
  author={Tom Silver and Rohan Chitnis and Joshua Tenenbaum and Leslie Pack Kaelbling and Tomas Lozano-Perez},
  year={2021},
  booktitle = {IEEE/RSJ International Conference on Intelligent Robots and Systems (IROS)},
}

@article{bc,
  title={Learning from demonstration},
  author={Schaal, Stefan and others},
  journal={Advances in neural information processing systems},
  pages={1040--1046},
  year={1997},
  publisher={Citeseer}
}


@inproceedings{prl2021,
  author    = {Clement Gehring and Masataro Asai and Rohan Chitnis and Tom Silver and Leslie Kaelbling and Shirin Sohrabi and Michael Katz},
  title     = {Reinforcement Learning for Classical Planning: Viewing Heuristics as Dense Reward Generators},
  booktitle = {International Conference on Automated Planning and Scheduling (ICAPS) PRL Workshop},
  year      = {2021},
}


@article{helmert2006fast,
  title={The fast downward planning system},
  author={Helmert, Malte},
  journal={Journal of Artificial Intelligence Research},
  volume={26},
  pages={191--246},
  year={2006}
}

@article{hoffmann2001ff,
  title={FF: The fast-forward planning system},
  author={Hoffmann, J{\"o}rg},
  journal={AI magazine},
  volume={22},
  number={3},
  pages={57--57},
  year={2001}
}

@inproceedings{sohrabi2019ai,
  title={AI Planning for Enterprise: Putting Theory Into Practice.},
  author={Sohrabi, Shirin},
  booktitle={IJCAI},
  pages={6408--6410},
  year={2019}
}

@article{fox2003pddl2,
  title={PDDL2. 1: An extension to PDDL for expressing temporal planning domains},
  author={Fox, Maria and Long, Derek},
  journal={Journal of artificial intelligence research},
  volume={20},
  pages={61--124},
  year={2003}
}

@inproceedings{silver2021planning,
  title={Planning with learned object importance in large problem instances using graph neural networks},
  author={Silver, Tom and Chitnis, Rohan and Curtis, Aidan and Tenenbaum, Joshua B and Lozano-Perez, Tomas and Kaelbling, Leslie Pack},
  booktitle={Proceedings of the AAAI conference on artificial intelligence},
  volume={35},
  number={13},
  pages={11962--11971},
  year={2021}
}

@inproceedings{karia2021learning,
  title={Learning generalized relational heuristic networks for model-agnostic planning},
  author={Karia, Rushang and Srivastava, Siddharth},
  booktitle={Proceedings of the AAAI Conference on Artificial Intelligence},
  volume={35},
  number={9},
  pages={8064--8073},
  year={2021}
}

@inproceedings{gehring2022reinforcement,
  title={Reinforcement learning for classical planning: Viewing heuristics as dense reward generators},
  author={Gehring, Clement and Asai, Masataro and Chitnis, Rohan and Silver, Tom and Kaelbling, Leslie and Sohrabi, Shirin and Katz, Michael},
  booktitle={Proceedings of the International Conference on Automated Planning and Scheduling},
  volume={32},
  pages={588--596},
  year={2022}
}

@article{yoon2008learning,
  title={Learning Control Knowledge for Forward Search Planning.},
  author={Yoon, Sungwook and Fern, Alan and Givan, Robert},
  journal={Journal of Machine Learning Research},
  volume={9},
  number={4},
  year={2008}
}

@article{toyer2020asnets,
  title={Asnets: Deep learning for generalised planning},
  author={Toyer, Sam and Thi{\'e}baux, Sylvie and Trevizan, Felipe and Xie, Lexing},
  journal={Journal of Artificial Intelligence Research},
  volume={68},
  pages={1--68},
  year={2020}
}

@inproceedings{silver2020few,
  title={Few-shot bayesian imitation learning with logical program policies},
  author={Silver, Tom and Allen, Kelsey R and Lew, Alex K and Kaelbling, Leslie Pack and Tenenbaum, Josh},
  booktitle={Proceedings of the AAAI Conference on Artificial Intelligence},
  volume={34},
  number={06},
  pages={10251--10258},
  year={2020}
}

@article{duan2017one,
  title={One-shot imitation learning},
  author={Duan, Yan and Andrychowicz, Marcin and Stadie, Bradly and Jonathan Ho, OpenAI and Schneider, Jonas and Sutskever, Ilya and Abbeel, Pieter and Zaremba, Wojciech},
  journal={Advances in neural information processing systems},
  volume={30},
  year={2017}
}

@article{cropper2019playgol,
  title={Playgol: Learning programs through play},
  author={Cropper, Andrew},
  journal={arXiv preprint arXiv:1904.08993},
  year={2019}
}

@article{lewkowycz2022solving,
  title={Solving quantitative reasoning problems with language models},
  author={Lewkowycz, Aitor and Andreassen, Anders and Dohan, David and Dyer, Ethan and Michalewski, Henryk and Ramasesh, Vinay and Slone, Ambrose and Anil, Cem and Schlag, Imanol and Gutman-Solo, Theo and others},
  journal={arXiv preprint arXiv:2206.14858},
  year={2022}
}

@article{drori2022neural,
  title={A neural network solves, explains, and generates university math problems by program synthesis and few-shot learning at human level},
  author={Drori, Iddo and Zhang, Sarah and Shuttleworth, Reece and Tang, Leonard and Lu, Albert and Ke, Elizabeth and Liu, Kevin and Chen, Linda and Tran, Sunny and Cheng, Newman and others},
  journal={Proceedings of the National Academy of Sciences},
  volume={119},
  number={32},
  pages={e2123433119},
  year={2022},
  publisher={National Acad Sciences}
}

@article{kojima2022large,
  title={Large Language Models are Zero-Shot Reasoners},
  author={Kojima, Takeshi and Gu, Shixiang Shane and Reid, Machel and Matsuo, Yutaka and Iwasawa, Yusuke},
  journal={arXiv preprint arXiv:2205.11916},
  year={2022}
}

@inproceedings{reimers-2019-sentence-bert,
    title = "Sentence-BERT: Sentence Embeddings using Siamese BERT-Networks",
    author = "Reimers, Nils and Gurevych, Iryna",
    booktitle = "Proceedings of the 2019 Conference on Empirical Methods in Natural Language Processing",
    month = "11",
    year = "2019",
    publisher = "Association for Computational Linguistics",
    url = "http://arxiv.org/abs/1908.10084",
}

@article{gao2020pile,
  title={The pile: An 800gb dataset of diverse text for language modeling},
  author={Gao, Leo and Biderman, Stella and Black, Sid and Golding, Laurence and Hoppe, Travis and Foster, Charles and Phang, Jason and He, Horace and Thite, Anish and Nabeshima, Noa and others},
  journal={arXiv preprint arXiv:2101.00027},
  year={2020}
}


@inproceedings{cashmore2015rosplan,
  title={Rosplan: Planning in the robot operating system},
  author={Cashmore, Michael and Fox, Maria and Long, Derek and Magazzeni, Daniele and Ridder, Bram and Carrera, Arnau and Palomeras, Narcis and Hurtos, Natalia and Carreras, Marc},
  booktitle={Proceedings of the international conference on automated planning and scheduling},
  volume={25},
  pages={333--341},
  year={2015}
}

@misc{pyperplan,
  author =       "Yusra Alkhazraji and Matthias Frorath and Markus Gr{\"u}tzner
                  and Malte Helmert and Thomas Liebetraut and Robert Mattm{\"u}ller
                  and Manuela Ortlieb and Jendrik Seipp and Tobias Springenberg and
                  Philip Stahl and Jan W{\"u}lfing",
  title =        "Pyperplan",
  publisher =    "Zenodo",
  year =         "2020",
  doi =          "10.5281/zenodo.3700819",
  url =          "https://doi.org/10.5281/zenodo.3700819",
  howpublished = "\url{https://doi.org/10.5281/zenodo.3700819}"
}

@inproceedings{puig2018virtualhome,
  title={Virtualhome: Simulating household activities via programs},
  author={Puig, Xavier and Ra, Kevin and Boben, Marko and Li, Jiaman and Wang, Tingwu and Fidler, Sanja and Torralba, Antonio},
  booktitle={Proceedings of the IEEE Conference on Computer Vision and Pattern Recognition},
  pages={8494--8502},
  year={2018}
}

 @InProceedings{shridhar2020alfred,
author = {Shridhar, Mohit and Thomason, Jesse and Gordon, Daniel and Bisk, Yonatan and Han, Winson and Mottaghi, Roozbeh and Zettlemoyer, Luke and Fox, Dieter},
title = {ALFRED: A Benchmark for Interpreting Grounded Instructions for Everyday Tasks},
booktitle = {Proceedings of the IEEE/CVF Conference on Computer Vision and Pattern Recognition (CVPR)},
month = {June},
year = {2020}
}

@article{li2022pre,
  title={Pre-trained language models for interactive decision-making},
  author={Li, Shuang and Puig, Xavier and Du, Yilun and Wang, Clinton and Akyurek, Ekin and Torralba, Antonio and Andreas, Jacob and Mordatch, Igor},
  journal={arXiv preprint arXiv:2202.01771},
  year={2022}
}


@article{cohen2021learning,
  title={Learning to Follow Language Instructions with Compositional Policies},
  author={Cohen, Vanya and Tasse, Geraud Nangue and Gopalan, Nakul and James, Steven and Gombolay, Matthew and Rosman, Benjamin},
  journal={arXiv preprint arXiv:2110.04647},
  year={2021}
}

@incollection{simon2022park,
  title     = {TattleTale: Storytelling with Planning and Large Language Models},
  author    = {Nisha Simon and Christian Muise},
  booktitle = {ICAPS Workshop on Scheduling and Planning Applications woRKshop},
  year      = {2022},
}

@article{geffner2013concise,
  title={A concise introduction to models and methods for automated planning},
  author={Geffner, Hector and Bonet, Blai},
  journal={Synthesis Lectures on Artificial Intelligence and Machine Learning},
  volume={8},
  number={1},
  pages={1--141},
  year={2013},
  publisher={Morgan \& Claypool Publishers}
}

@misc{words10000,
    title={10,000 most common English words},
    author={Price, Eric},
    year={2022},
    howpublished={\url{https://www.mit.edu/~ecprice/wordlist.10000}},
    note={Accessed: 2022-09-27}
}

@article{sun2021long,
  title={Do Long-Range Language Models Actually Use Long-Range Context?},
  author={Sun, Simeng and Krishna, Kalpesh and Mattarella-Micke, Andrew and Iyyer, Mohit},
  journal={arXiv preprint arXiv:2109.09115},
  year={2021}
}

@misc{openai2023gpt4,
      title={GPT-4 Technical Report}, 
      author={OpenAI},
      year={2023},
      eprint={2303.08774},
      archivePrefix={arXiv},
      primaryClass={cs.CL}
}


@article{lin2023text2motion,
  title={Text2motion: From natural language instructions to feasible plans},
  author={Lin, Kevin and Agia, Christopher and Migimatsu, Toki and Pavone, Marco and Bohg, Jeannette},
  journal={arXiv preprint arXiv:2303.12153},
  year={2023}
}

@article{xie2023translating,
  title={Translating natural language to planning goals with large-language models},
  author={Xie, Yaqi and Yu, Chen and Zhu, Tongyao and Bai, Jinbin and Gong, Ze and Soh, Harold},
  journal={arXiv preprint arXiv:2302.05128},
  year={2023}
}

@article{liu2023llm,
  title={LLM+ P: Empowering Large Language Models with Optimal Planning Proficiency},
  author={Liu, Bo and Jiang, Yuqian and Zhang, Xiaohan and Liu, Qiang and Zhang, Shiqi and Biswas, Joydeep and Stone, Peter},
  journal={arXiv preprint arXiv:2304.11477},
  year={2023}
}

@article{pallagani2022plansformer,
  title={Plansformer: Generating Symbolic Plans using Transformers},
  author={Pallagani, Vishal and Muppasani, Bharath and Murugesan, Keerthiram and Rossi, Francesca and Horesh, Lior and Srivastava, Biplav and Fabiano, Francesco and Loreggia, Andrea},
  journal={arXiv preprint arXiv:2212.08681},
  year={2022}
}

@inproceedings{silver2023inventing,
  author    = {Tom Silver and Rohan Chitnis and Nishanth Kumar and Willie McClinton and Tomas Lozano-Perez and Leslie Pack Kaelbling and Joshua Tenenbaum},
  title     = {Predicate Invention for Bilevel Planning},
  booktitle = {AAAI Conference on Artificial Intelligence (AAAI)},
  year      = {2023},
}

@article{lin2022grounded,
  title={On Grounded Planning for Embodied Tasks with Language Models},
  author={Lin, Bill Yuchen and Huang, Chengsong and Liu, Qian and Gu, Wenda and Sommerer, Sam and Ren, Xiang},
  journal={arXiv preprint arXiv:2209.00465},
  year={2022}
}

@article{nye2021show,
  title={Show your work: Scratchpads for intermediate computation with language models},
  author={Nye, Maxwell and Andreassen, Anders Johan and Gur-Ari, Guy and Michalewski, Henryk and Austin, Jacob and Bieber, David and Dohan, David and Lewkowycz, Aitor and Bosma, Maarten and Luan, David and others},
  journal={arXiv preprint arXiv:2112.00114},
  year={2021}
}

@article{schick2023toolformer,
  title={Toolformer: Language models can teach themselves to use tools},
  author={Schick, Timo and Dwivedi-Yu, Jane and Dess{\`\i}, Roberto and Raileanu, Roberta and Lomeli, Maria and Zettlemoyer, Luke and Cancedda, Nicola and Scialom, Thomas},
  journal={arXiv preprint arXiv:2302.04761},
  year={2023}
}

@inproceedings{howey2004val,
  title={VAL: Automatic plan validation, continuous effects and mixed initiative planning using PDDL},
  author={Howey, Richard and Long, Derek and Fox, Maria},
  booktitle={16th IEEE International Conference on Tools with Artificial Intelligence},
  pages={294--301},
  year={2004},
  organization={IEEE}
}

@article{bubeck2023sparks,
  title={Sparks of artificial general intelligence: Early experiments with gpt-4},
  author={Bubeck, S{\'e}bastien and Chandrasekaran, Varun and Eldan, Ronen and Gehrke, Johannes and Horvitz, Eric and Kamar, Ece and Lee, Peter and Lee, Yin Tat and Li, Yuanzhi and Lundberg, Scott and others},
  journal={arXiv preprint arXiv:2303.12712},
  year={2023}
}

@misc{nijkamp2023codegen,
      title={CodeGen: An Open Large Language Model for Code with Multi-Turn Program Synthesis}, 
      author={Erik Nijkamp and Bo Pang and Hiroaki Hayashi and Lifu Tu and Huan Wang and Yingbo Zhou and Silvio Savarese and Caiming Xiong},
      year={2023},
      eprint={2203.13474},
      archivePrefix={arXiv},
      primaryClass={cs.LG}
}

@article{chen2022program,
  title = {Program of Thoughts Prompting: Disentangling Computation from Reasoning for Numerical Reasoning Tasks},
  author = {Wenhu Chen and Xueguang Ma and Xinyi Wang and William W. Cohen},
  journal={arXiv preprint arXiv:2211.12588},
  year = {2022},
}

@misc{chen2023improving,
      title={Improving Code Generation by Training with Natural Language Feedback}, 
      author={Angelica Chen and Jérémy Scheurer and Tomasz Korbak and Jon Ander Campos and Jun Shern Chan and Samuel R. Bowman and Kyunghyun Cho and Ethan Perez},
      year={2023},
      eprint={2303.16749},
      archivePrefix={arXiv},
      primaryClass={cs.SE}
}

@misc{xia2023conversational,
      title={Conversational Automated Program Repair}, 
      author={Chunqiu Steven Xia and Lingming Zhang},
      year={2023},
      eprint={2301.13246},
      archivePrefix={arXiv},
      primaryClass={cs.SE}
}

@article{gao2022pal,
  title={PAL: Program-aided Language Models},
  author={Gao, Luyu and Madaan, Aman and Zhou, Shuyan and Alon, Uri and Liu, Pengfei and Yang, Yiming and Callan, Jamie and Neubig, Graham},
  journal={arXiv preprint arXiv:2211.10435},
  year={2022}
}

@misc{imani2023mathprompter,
      title={MathPrompter: Mathematical Reasoning using Large Language Models}, 
      author={Shima Imani and Liang Du and Harsh Shrivastava},
      year={2023},
      eprint={2303.05398},
      archivePrefix={arXiv},
      primaryClass={cs.CL}
}

@article{jiang2023self,
  title={Self-planning Code Generation with Large Language Model},
  author={Jiang, Xue and Dong, Yihong and Wang, Lecheng and Shang, Qiwei and Li, Ge},
  journal={arXiv preprint arXiv:2303.06689},
  year={2023}
}

@article{zheng2023outline,
  title={Outline, Then Details: Syntactically Guided Coarse-To-Fine Code Generation},
  author={Zheng, Wenqing and Sharan, SP and Jaiswal, Ajay Kumar and Wang, Kevin and Xi, Yihan and Xu, Dejia and Wang, Zhangyang},
  journal={arXiv preprint arXiv:2305.00909},
  year={2023}
}

@article{liang2022code,
  title={Code as policies: Language model programs for embodied control},
  author={Liang, Jacky and Huang, Wenlong and Xia, Fei and Xu, Peng and Hausman, Karol and Ichter, Brian and Florence, Pete and Zeng, Andy},
  journal={arXiv preprint arXiv:2209.07753},
  year={2022}
}

@article{singh2022progprompt,
  title={Progprompt: Generating situated robot task plans using large language models},
  author={Singh, Ishika and Blukis, Valts and Mousavian, Arsalan and Goyal, Ankit and Xu, Danfei and Tremblay, Jonathan and Fox, Dieter and Thomason, Jesse and Garg, Animesh},
  journal={arXiv preprint arXiv:2209.11302},
  year={2022}
}



@book{alur2013syntax,
  title={Syntax-guided synthesis},
  author={Alur, Rajeev and Bodik, Rastislav and Juniwal, Garvit and Martin, Milo MK and Raghothaman, Mukund and Seshia, Sanjit A and Singh, Rishabh and Solar-Lezama, Armando and Torlak, Emina and Udupa, Abhishek},
  year={2013},
  publisher={IEEE}
}

@article{gulwani2017program,
  title={Program synthesis},
  author={Gulwani, Sumit and Polozov, Oleksandr and Singh, Rishabh and others},
  journal={Foundations and Trends{\textregistered} in Programming Languages},
  volume={4},
  number={1-2},
  pages={1--119},
  year={2017},
  publisher={Now Publishers, Inc.}
}

@article{muggleton1991inductive,
  title={Inductive logic programming},
  author={Muggleton, Stephen},
  journal={New generation computing},
  volume={8},
  pages={295--318},
  year={1991},
  publisher={Springer}
}

@article{cropper2022inductive,
  title={Inductive logic programming at 30: a new introduction},
  author={Cropper, Andrew and Duman{\v{c}}i{\'c}, Sebastijan},
  journal={Journal of Artificial Intelligence Research},
  volume={74},
  pages={765--850},
  year={2022}
}

@article{chen2023teaching,
  title={Teaching large language models to self-debug},
  author={Chen, Xinyun and Lin, Maxwell and Sch{\"a}rli, Nathanael and Zhou, Denny},
  journal={arXiv preprint arXiv:2304.05128},
  year={2023}
}

@inproceedings{katz2020reshaping,
  title={Reshaping diverse planning},
  author={Katz, Michael and Sohrabi, Shirin},
  booktitle={Proceedings of the AAAI Conference on Artificial Intelligence},
  number={06},
  pages={9892--9899},
  year={2020}
}

@incollection{sohrabi2016finding,
  title={Finding diverse high-quality plans for hypothesis generation},
  author={Sohrabi, Shirin and Riabov, Anton V and Udrea, Octavian and Hassanzadeh, Oktie},
  booktitle={ECAI 2016},
  pages={1581--1582},
  year={2016},
  publisher={IOS Press}
}

@article{Yato2003OnTN,
  title={On the NP-completeness of the Slither Link puzzle},
  author={Takayuki, Yato},
  journal={IPSJ SIGNotes ALgorithms},
  year={2000}
}
