@inproceedings{icomment2007,
  title={/*{iComment}: Bugs or Bad Comments?*/},
  author={Lin Tan and Ding Yuan and Gopal Krishna and Yuanyuan Zhou},
  booktitle={Symposium on Operating Systems Principles},
  year={2007},
  pages={145-158}
}

@article{CodeReadabilityBuse,
  author={Raymond P. L. {Buse} and Westley R. Weimer},
  journal={IEEE Transactions on Software Engineering}, 
  title={Learning a Metric for Code Readability}, 
  year={2010},
  volume={36},
  number={4},
  pages={546-558}
 }

@inproceedings{JiangEvolution,
    author = {Zhen Ming Jiang and Ahmed E. Hassan},
    title = {Examining the Evolution of Code Comments in {P}ostgre{SQL}},
    year = {2006},
    booktitle = {International Workshop on Mining Software Repositories},
    pages = {179–180}
}

@inproceedings{fluri:coevolve,
  author = {Beat Fluri and Michael Wursch and Harald C. Gall},
  title = {Do Code and Comments Co-Evolve? {O}n the Relation Between Source Code and Comment changes},
  booktitle = {Working Conference on Reverse Engineering},
  pages = {70–79},
  year = {2007},
}

@article{ratol2017fragile,
  title={Detecting Fragile Comments},
  author={Inderjot Kaur Ratol and Martin P. Robillard},
  journal={International Conference on Automated Software Engineering},
  year={2017},
  pages={112-122}
}

@inproceedings{SteidlQuality,
  author={Daniela Steidl and Benjamin Hummel and Elmar Juergens},
  booktitle={International Conference on Program Comprehension}, 
  title={Quality Analysis of Source Code Comments}, 
  year={2013},
  pages={83-92}
 }
 
@inproceedings{deSouzaMaintenance,
    author = {Sergio Cozzetti B. de Souza and Nicolas Anquetil and K\'{a}thia M. de Oliveira},
    title = {A Study of the Documentation Essential to Software Maintenance},
    year = {2005},
    booktitle = {International Conference on Design of Communication: Documenting \& Designing for Pervasive Information},
    pages = {68–75},
}

@inproceedings{WenLargeStudy,
    author = {Fengcai Wen and Csaba Nagy  and Gabriele Bavota and Michele Lanza},
    title = {A Large-Scale Empirical Study on Code-Comment Inconsistencies},
    year = {2019},
    booktitle = {International Conference on Program Comprehension},
    pages = {53–64},
}

@article{IbrahimBugs,
    author = {Walid M. Ibrahim and Nicolas Bettenburg and Bram Adams and Ahmed E. Hassan},
    title = {On the Relationship between Comment Update Practices and Software Bugs},
    year = {2012},
    volume = {85},
    journal = {Journal of Systems and Software},
    number = {10},
    pages = {2293–2304}
}

@article{FluriAnalysis,
    author = {Beat Fluri and Michael W\"{u}rsch and Emanuel Giger and Harald C. Gall},
    title = {Analyzing the Co-Evolution of Comments and Source Code},
    year = {2009},
    journal = {Software Quality Journal},
    volume = {17},
    number = {4},
    pages = {367–394}
}

@inproceedings{ZhouParameter,
    author = {Yu Zhou and Ruihang, Gu and Taolue, Chen and Zhiqiu, Huang and Sebastiano, Panichella and Harald, Gall},
    title = {Analyzing {API}s Documentation and Code to Detect Directive Defects},
    year = {2017},
    booktitle = {International Conference on Software Engineering},
    pages = {27–37},
}

@inproceedings{tComment,
  author={Shin Hwei Tan and Darko Marinov and Lin Tan and Gary T. Leavens},
  booktitle={International Conference on Software Testing, Verification and Validation}, 
  title={@{tComment}: Testing Javadoc Comments to Detect Comment-Code Inconsistencies}, 
  year={2012},
  pages={260-269}
 }
 
 @inproceedings{aComment,
  author={Lin Tan and Yuanyuan Zhou and Yoann Padioleau},
  booktitle={International Conference on Software Engineering}, 
  title={{aComment}: Mining Annotations from Comments and Code to Detect Interrupt Related Concurrency Bugs}, 
  year={2011},
  pages={11-20}
 }
 
 @article{Corazza18,
    author = {Anna Corazza and Valerio Maggio and Giuseppe Scanniello},
    title = {Coherence of Comments and Method Implementations: A Dataset and an Empirical Investigation},
    year = {2018},
    volume = {26},
    number = {2},
    journal = {Software Quality Journal},
    pages = {751–777},
    numpages = {27}
}

@inproceedings{Cimasa19,
  author={Alfonso Cimasa and Anna Corazza and Carmen Coviello and  Giuseppe Scanniello},
  booktitle={Euromicro Conference on Software Engineering and Advanced Applications (SEAA)}, 
  title={Word Embeddings for Comment Coherence}, 
  year={2019},
  pages={244-251}
 }
 
 @inproceedings{JITLog,
  author={Heng Li and Weiyi Shang and Ying Zou and Ahmed E. Hassan},
  booktitle={International Conference on Software Analysis, Evolution and Reengineering}, 
  title={Towards Just-In-Time Suggestions for Log Changes}, 
  year={2018},
  pages={467-467}
 }

@article{JITLocal,
  author={Meng Yan and Xin Xia and Yuanrui Fan and Ahmed E. Hassan and David Lo and Shanping Li},
  journal={IEEE Transactions on Software Engineering}, 
  title={Just-In-Time Defect Identification and Localization: A Two-Phase Framework}, 
  year={2020}
}

@inproceedings{Malik08,
  author={Haroon Malik and Istehad Chowdhury and  Hsiao-Ming Tsou  and Zhen Ming Jiang and Ahmed E. Hassan},
  booktitle={International Conference on Software Maintenance}, 
  title={Understanding the Rationale for Updating a Function’s Comment}, 
  year={2008},
  pages={167-176}
}

@inproceedings{LiuOutdatedLine,
  author={Zhiyong Liu and Huanchao Chen and Xiangping Chen and Xiaonan Luo and Fan Zhou},
  booktitle={Annual Computer Software and Applications Conference}, 
  title={Automatic Detection of Outdated Comments During Code Changes}, 
  year={2018},
  pages={154-163}
}

@mastersthesis{SaduThesis,
   title = {Automatic Detection of Outdated Comments in Open Source {J}ava Projects},
  school = {Universidad Polit\'{e}cnica de Madrid},
  author = {Ankita Sadu},
    year = {2019},
}

@inproceedings{transformer,
title = {Attention is All you Need},
author = {Ashish Vaswani and Noam Shazeer and Niki Parmar and Jakob Uszkoreit and Llion Jones and Aidan N Gomez and {\L}ukasz Kaiser and Illia Polosukhin},
booktitle = {Conference on Neural Information Processing Systems},
pages = {5998--6008},
year = {2017},
}

@inproceedings{panthaplackel2020update,
  author={Sheena Panthaplackel and Pengyu Nie and Milos Gligoric and Junyi Jessy Li and Raymond J. Mooney},
  title={Learning to Update Natural Language Comments Based on Code Changes},
	booktitle = {Annual Meeting of the Association for Computational Linguistics},
	pages = {1853--1868},
	year = {2020},
}

@inproceedings{Li2016GatedGS,
	title={Gated Graph Sequence Neural Networks},
	author={Yujia Li and Daniel Tarlow and Marc Brockschmidt and Richard S. Zemel},
	booktitle={International Conference on Learning Representations},
	year={2016}
}

@inproceedings{LiAPIDoc,
  author={Hongwei Li and Zhenchang Xing and Xin Peng and Wenyun Zhao},
  booktitle={Working Conference on Reverse Engineering}, 
  title={What Help Do Developers Seek, When and How?}, 
  year={2013}
 }
 
 @inproceedings{ChoGRU,
    title = {Learning Phrase Representations using {RNN} Encoder{--}Decoder for Statistical Machine Translation},
    author = {Cho, Kyunghyun and van Merri{\"e}nboer, Bart and Gulcehre, Caglar and Bahdanau, Dzmitry  and Bougares, Fethi  and Schwenk, Holger  and Bengio, Yoshua},
    booktitle = {Conference on Empirical Methods in Natural Language Processing},
    year = {2014},
    pages = {1724--1734},
}

@inproceedings{ProjectQuality,
    author = {Oskar Jarczyk and Błażej Gruszka and Szymon Jaroszewicz and Leszek Bukowski and Adam Wierzbicki},
    year = {2014},
    pages = {80-94},
    title = {GitHub Projects. {Q}uality Analysis of Open-Source Software},
    booktitle={International Conference on Social Informatics}
}

@inproceedings{GumTree,
    author = {Jean-R\'{e}my Falleri and Flor\'{e}al Morandat and Xavier Blanc and Matias Martinez and Martin Monperrus},
    title = {Fine-Grained and Accurate Source Code Differencing},
    year = {2014},
    booktitle = {International Conference on Automated Software Engineering},
    pages = {313–324},
}

@inproceedings{yin19iclr,
    title = {Learning to Represent Edits},
    author = {Pengcheng Yin and Graham Neubig and Miltiadis Allamanis and Marc Brockschmidt and Alexander L. Gaunt},
    booktitle = {International Conference on Learning Representations},
    year = {2019}
}

@inproceedings{Allamanis2018LearningTR,
  title={Learning to Represent Programs with Graphs},
  author={Miltiadis Allamanis and Marc Brockschmidt and Mahmoud Khademi},
    booktitle = {International Conference on Learning Representations},
    year={2018},
}

@inproceedings{FernandesSummarization,
    title = {Structured Neural Summarization},
    author = {Patrick Fernandes and Miltiadis Allamanis and Marc Brockschmidt},
    booktitle = {International Conference on Learning Representations},
    year = {2019}
}

@inproceedings{GraphSandwich,
    title = {Global Relational Models of Source Code},
    author = {Vincent J. Hellendoorn and Charles Sutton and Rishabh Singh and Petros Maniatis and David Bieber},
    booktitle = {International Conference on Learning Representations},
    year = {2020}
}

@inproceedings{Khamis2010AutomaticQA,
  title={Automatic Quality Assessment of Source Code Comments: The {JavadocMiner}},
  author={Ninus Khamis and Ren{\'e} Witte and Juergen Rilling},
  booktitle={Natural Language Processing and Information Systems},
    year={2010},
    pages={68--79},
}

@mastersthesis{Svensson2015ReducingOA,
   title = {Reducing outdated and inconsistent code comments during software development: The comment validator program},
  school = {Uppsala University},
  author = {Adam Svensson},
    year = {2015}
}

@inproceedings{panthaplackel2020associating,
  author={Sheena Panthaplackel and Milos Gligoric and Raymond J. Mooney and Junyi Jessy Li},
  title={Associating Natural Language Comment and Source Code Entities},
  booktitle={AAAI Conference on Artificial Intelligence},
  year={2020},
}

@inproceedings{CvitovicOpenVocab,
  title = 	 {Open Vocabulary Learning on Source Code with a Graph-Structured Cache},
  author = 	 {Milan Cvitkovic and Badal Singh and Animashree Anandkumar},
  booktitle = 	 {International Conference on Machine Learning},
  pages = 	 {1475--1485},
  year = 	 {2019},
}

@inproceedings{Alon2019Code2Seq,
	title={code2seq: Generating Sequences from Structured Representations of Code},
	author={Uri Alon and Shaked Brody and Omer Levy and Eran Yahav},
	booktitle={International Conference on Learning Representations},
	year={2019}
}

@inproceedings{BanerjeeEtAL2005,
	title={{METEOR}: An Automatic Metric for {MT} Evaluation with Improved Correlation with Human Judgments},
	author={Satanjeev Banerjee and Alon Lavie},
	booktitle={Workshop on Intrinsic and Extrinsic Evaluation Measures for Machine Translation and/or Summarization},
	pages={65--72},
	year={2005},
	LONGorganization={ACL}
}

@inproceedings{papineni2002bleu,
	title = {{BLEU}: a Method for Automatic Evaluation of Machine Translation},
	author = {Kishore Papineni and Salim Roukos and Todd Ward and Wei-Jing Zhu},
	booktitle = {Annual Meeting of the Association for Computational Linguistics},
	pages = {311--318},
	year = {2002},
}

@article{xu-etal-2016-optimizing,
    title = {Optimizing Statistical Machine Translation for Text Simplification},
    author = {Wei Xu and Courtney Napoles  and Ellie Pavlick and Quanze Chen and Chris Callison-Burch},
    journal = {Transactions of the Association for Computational Linguistics},
    volume = {4},
    year = {2016},
    pages = {401--415},
}

@inproceedings{napoles-etal-2015-ground,
    title = {Ground Truth for Grammatical Error Correction Metrics},
    author = {Courtney Napoles  and Keisuke Sakaguchi  and Matt Post  and Joel Tetreault},
    booktitle = {Annual Meeting of the Association for Computational Linguistics and the International Joint Conference on Natural Language Processing},
    year = {2015},
    pages = {588--593},
}

@inproceedings{ChenExplicitFeatures,
    author = {Ruey-Cheng Chen and Evi Yulianti and Mark Sanderson and W. Bruce Croft},
    title = {On the Benefit of Incorporating External Features in a Neural Architecture for Answer Sentence Selection},
    year = {2017},
    booktitle = {SIGIR Conference on Research and Development in Information Retrieval},
    pages = {1017–1020},
}

@inproceedings{XuanExternalFeatures,
      author={Huong Nguyen Thi Xuan and Vo Cong Hieu and  Anh-Cuong Le},
      booktitle={Conference on Information and Computer Science},
      title={Adding External Features to Convolutional Neural Network for Aspect-based Sentiment Analysis}, 
      year={2018},
      pages={53-59}
  }
 
@article{RenCrossProject,
    author = {Xiaoxue Ren and Zhenchang Xing and Xin Xia and David Lo and Xinyu Wang and John Grundy},
    title = {Neural Network-Based Detection of Self-Admitted Technical Debt: From Performance to Explainability},
    year = {2019},
    pages = {1-45},
    volume = {28},
    journal = {Transactions on Software Engineering and Methodology},
}

@inproceedings{Movshovitz-AttiasCohen13PredictingProgrammingComments,
  author = {Dana Movshovitz-Attias and William W. Cohen},
  title = {Natural language models for predicting programming comments},
  booktitle = {Annual Meeting of the Association for Computational Linguistics},
  pages = {35--40},
  year = {2013},
}

@inproceedings{berg-kirkpatrick-etal-2012-empirical,
    title = {An Empirical Investigation of Statistical Significance in {NLP}},
    author = {Taylor Berg-Kirkpatrick  and David Burkett  and
      Dan Klein},
    booktitle = {Joint Conference on Empirical Methods in Natural Language Processing and Computational Natural Language Learning},
    year = {2012},
    pages = {995--1005},
}

@inproceedings{allamanis2019duplication,
     title = {The Adverse Effects of Code Duplication in Machine Learning Models of Code},
     author = {Miltiadis Allamanis},
     booktitle = {SPLASH},
     series = {Onward!},
     year = {2019},
     pages = {143--153},
}

@online{javalang,
	title =        {{J}avalang},
	key =          {javalang},
	author =       "Chris Thunes",
	year =         {2020},
	note =         "\url{https://pypi.org/project/javalang/}",
	lastaccessed = "September 2, 2020",
}


@online{javadoc,
	title =        {{J}avadoc},
	key =          {javadoc},
	author =       "Oracle",
	year =         {2020},
	note =         "\url{https://docs.oracle.com/javase/8/docs/technotes/tools/windows/javadoc.html}",
	lastaccessed = "September 2, 2020",
}

@article{Feng2020CodeBERTAP,
  title={Code{BERT}: A Pre-Trained Model for Programming and Natural Languages},
  author={Zhangyin Feng and Daya Guo and Duyu Tang and Nan Duan and Xiaocheng Feng and Ming Gong and Linjun Shou and Bing Qin and Ting Liu and Daxin Jiang and Ming Zhou},
  journal={ArXiv},
  year={2020},
  volume={abs/2002.08155}
}


@inproceedings{RabbiInconsistencySiamese,
author = {Rabbi, Fazle and Siddik, Md Saeed},
title = {Detecting Code Comment Inconsistency Using Siamese Recurrent Network},
year = {2020},
booktitle = {International Conference on Program Comprehension - Early Research Achievements},
pages = {371–375}
}

@inproceedings{NieTrigit,
author = {Nie, Pengyu and Rai, Rishabh and Li, Junyi Jessy and Khurshid, Sarfraz and Mooney, Raymond J. and Gligoric, Milos},
title = {A Framework for Writing Trigger-Action Todo Comments in Executable Format},
year = {2019},
pages = {385–396},
numpages = {12},
booktitle = {Joint European Software Engineering Conference and Symposium on the Foundations of Software Engineering}
}

@inproceedings{StulovaTowards,
  author={Stulova, Nataliia and  Blasi, Arianna and Gorla, Alessandra and Nierstrasz, Oscar},
  booktitle={International Working Conference on Source Code Analysis and Manipulation}, 
  title={Towards Detecting Inconsistent Comments in Java Source Code Automatically}, 
  year={2020},
  pages={65-69}
  }

@inproceedings{VinyalsPointer,
title = {Pointer Networks},
author = {Vinyals, Oriol and Fortunato, Meire and Jaitly, Navdeep},
booktitle = {Advances in Neural Information Processing Systems},
pages = {2692--2700},
year = {2015},
}

@inproceedings{Luong2015Attention,
	title = {Effective Approaches to Attention-based Neural Machine Translation},
	author = {Luong, Thang and Pham, Hieu and Manning, Christopher D.},
	booktitle = {Conference on Empirical Methods in Natural Language Processing},
	pages = {1412--1421},
	year = {2015}
}

@inproceedings{LiuJITUpdate,
  title = {Automating Just-In-Time Comment Updating},
  author = {Liu, Zhongxin and Xia, Xin and Yan, Meng and Li, Shanping},
  booktitle = {International Conference on Automated Software Engineering},
  year = {2020},
  pages = {To Appear},
}