@article{reneau2020supporting,
  title={Supporting User Autonomy with Multimodal Fusion to Detect when a User Needs Assistance from a Social Robot},
  author={Reneau, Alex and Wilson, Jason R},
  journal={arXiv preprint arXiv:2012.04078},
  year={2020}
}


@article{wilson2020knowledge,
  title={A Knowledge Driven Approach to Adaptive Assistance Using Preference Reasoning and Explanation},
  author={Wilson, Jason R and Gilpin, Leilani and Rabkina, Irina},
  journal={arXiv preprint arXiv:2012.02904},
  year={2020}
}


@article{foster2020towards,
  title={Towards Social HRI for Improving Children's Healthcare Experiences},
  author={Foster, Mary Ellen and Petrick, Ronald},
  journal={arXiv preprint arXiv:2010.04652},
  year={2020}
}

@inproceedings{bordbar2021roman,
title={Analyzing Human-Robot Trust in Police Work Using a Teleoperated Communicative Robot},
author={Bordbar, Fareed and Salehzadeh, Roya and Cousin, Christian and Griffin, Darrin and Jalili, Nader},
booktitle={IEEE International Symposium on Robot-Human Interactive Commuication (RO-MAN)},
year=2021
}
 
@article{van2014neoliberal,
  title={The neoliberal subject of value: Measuring human capital in information economies},
  author={Van Doorn, Niels},
  journal={Cultural Politics},
  volume={10},
  number={3},
  pages={354--375},
  year={2014},
  publisher={Duke University Press}
} 
 
@article{power2003evaluating,
  title={Evaluating the audit explosion},
  author={Power, Michael},
  journal={Law \& policy},
  volume={25},
  number={3},
  pages={185--202},
  year={2003},
  publisher={Wiley Online Library}
}

@inproceedings{pourebadi2020stroke,
  title={Stroke Modeling and Synthesis for Robotic and Virtual Patient Simulators},
  author={Pourebadi, Maryam and Riek, Laurel D},
  booktitle={AAAI Fall Symposium on Artificial Intelligence in Human Robot Interaction (AI-HRI)},
  year={2020}
}

@article{jeong2020face,
  title={Face-work for Human-Agent Joint Decision-Making},
  author={Jeong, JiHyun and Hoffman, Guy},
  journal={arXiv preprint arXiv:2011.01969},
  year={2020}
}

@article{nussbaum2009creating,
  title={Creating capabilities: The human development approach and its implementation},
  author={Nussbaum, Martha C},
  journal={Hypatia},
  volume={24},
  number={3},
  pages={211--215},
  year={2009},
  publisher={Cambridge University Press}
}

@article{riley2008engineering,
  title={Engineering and social justice},
  author={Riley, Donna},
  journal={Synthesis Lectures on Engineers, Technology, and Society},
  volume={3},
  number={1},
  pages={1--152},
  year={2008},
  publisher={Morgan \& Claypool Publishers}
}

@inproceedings{leydens2016making,
  title={Making the invisible visible: Integrating engineering-for-social-justice criteria in humanities and social science courses},
  author={Leydens, Jon A and Lucena, Juan C},
  booktitle={2016 ASEE Annual Conference \& Exposition},
  year={2016}
}

@inproceedings{leydens2017confronting,
  title={Confronting intercultural awareness issues and a culture of disengagement: An engineering for social justice framework},
  author={Leydens, Jon A and Deters, Jessica},
  booktitle={2017 IEEE International Professional Communication Conference (ProComm)},
  pages={1--7},
  year={2017},
  organization={IEEE}
}


@article{bennett2020point,
  title={What is the point of fairness? Disability, AI and the complexity of justice},
  author={Bennett, Cynthia L and Keyes, Os},
  journal={ACM SIGACCESS Accessibility and Computing},
  number={125},
  pages={1--1},
  year={2020},
  publisher={ACM New York, NY, USA}
}

@inproceedings{winberg2017using,
  title={Using a social justice approach to decolonize an engineering curriculum},
  author={Winberg, Simon and Winberg, Chis},
  booktitle={2017 IEEE Global Engineering Education Conference (EDUCON)},
  pages={248--254},
  year={2017},
  organization={IEEE}
}

@article{nieusma2013engineering,
  title={Engineering, social justice, and peace: Strategies for educational and professional reform},
  author={Nieusma, Dean},
  journal={Engineering Education for Social Justice},
  pages={19--40},
  year={2013},
  publisher={Springer}
}

@article{harris2008good,
  title={The good engineer: Giving virtue its due in engineering ethics},
  author={Harris, Charles E},
  journal={Science and Engineering Ethics},
  volume={14},
  number={2},
  pages={153--164},
  year={2008},
  publisher={Springer}
}

@book{leydens2017engineering,
  title={Engineering justice: Transforming engineering education and practice},
  author={Leydens, Jon A and Lucena, Juan C},
  year={2017},
  publisher={John Wiley \& Sons}
}

@inproceedings{leydens2014design,
  title={What is design for social justice?},
  author={Leydens, Jon A and Lucena, Juan C and Nieusma, Dean},
  booktitle={2014 ASEE Annual Conference \& Exposition},
  pages={24--1368},
  year={2014}
}

@incollection{le2020we,
  title={We’re missing a moral framework of justice in artificial intelligence},
  author={Le Bui, Matthew and Noble, Safiya Umoja},
  booktitle={The Oxford Handbook of Ethics of AI},
  pages={163},
  year={2020},
  publisher={Oxford University Press}
}

@inproceedings{depalma2014quis,
  title={" Quis Custodiet Ipsos Custodes?", Artificial Intelligence and the Interactionist Stance},
  author={DePalma, Nicholas Brian},
  booktitle={2014 AAAI Fall Symposium Series},
  year={2014}
}

@misc{alkhatib2019,
title={Anthropological/Artificial Intelligence \& the HAI},
author={Ali Alkhatib},
year=2019,
howpublished={https://ali-alkhatib.com/blog/anthropological-intelligence}
}

@article{crawford2019ai,
  title={AI in 2019: A Year in Review},
  author={Crawford, K and Whittaker, M},
  journal={AI Now},
  year={2019}
}

@article{gibney2020ai,
  title={This AI researcher is trying to ward off a reproducibility crisis},
  author={Gibney, Elizabeth},
  journal={Nature},
  volume={577},
  number={7788},
  pages={14},
  year={2020}
}

@article{gibney2020battle,
  title={The battle for ethical AI at the world's biggest machine-learning conference.},
  author={Gibney, Elizabeth},
  journal={Nature},
  volume={577},
  number={7791},
  pages={609--610},
  year={2020},
  publisher={Nature Publishing Group}
}

@article{connolly2020computing,
  title={Why computing belongs within the social sciences},
  author={Connolly, Randy},
  journal={Communications of the ACM},
  volume={63},
  number={8},
  pages={54--59},
  year={2020},
  publisher={ACM New York, NY, USA}
}

@inproceedings{swartz2019sociotechnical,
  title={Is Sociotechnical Thinking Important in Engineering Education?: Survey Perceptions of Male and Female Undergraduates},
  author={Swartz, Maggie and Leydens, J and Walter, J and Johnson, K},
  booktitle={Proceedings of the 2019 ASEE Annual Conference and Exposition},
  year={2019}
}

@misc{aaai2019aaai,
title = {AAAI Code of Professional Ethics and Conduct},
author = {AAAI},
year=2019,
howpublished={https://www.aaai.org/Conferences/code-of-ethics-and-conduct.php}
}

@article{mcgowan2020engineering,
  title={Engineering education as the development of critical sociotechnical literacy},
  author={McGowan, Veronica Cassone and Bell, Philip},
  journal={Science \& Education},
  volume={29},
  number={4},
  pages={981--1005},
  year={2020},
  publisher={Springer}
}

@article{gebru2020race,
  title={Race and gender},
  author={Gebru, Timnit},
  journal={The Oxford handbook of ethics of aI},
  pages={251--269},
  year={2020},
  publisher={Oxford University Press}
}

@article{giorgini2015researcher,
  title={Researcher perceptions of ethical guidelines and codes of conduct},
  author={Giorgini, Vincent and Mecca, Jensen T and Gibson, Carter and Medeiros, Kelsey and Mumford, Michael D and Connelly, Shane and Devenport, Lynn D},
  journal={Accountability in research},
  volume={22},
  number={3},
  pages={123--138},
  year={2015},
  publisher={Taylor \& Francis}
}

@article{meissner2020friend,
  title={Friend or foe? understanding assembly workers’ acceptance of human-robot collaboration},
  author={Meissner, Antonia and Tr{\"u}bswetter, Angelika and Conti-Kufner, Antonia S and Schmidtler, Jonas},
  journal={ACM Transactions on Human-Robot Interaction (THRI)},
  volume={10},
  number={1},
  pages={1--30},
  year={2020},
  publisher={ACM New York, NY, USA}
}

@article{friedman2002value,
  title={Value sensitive design: Theory and methods},
  author={Friedman, Batya and Kahn, Peter and Borning, Alan},
  journal={University of Washington technical report},
  number={2-12},
  year={2002},
  publisher={Citeseer}
}

@article{friedman1996value,
  title={Value-sensitive design},
  author={Friedman, Batya},
  journal={interactions},
  volume={3},
  number={6},
  pages={16--23},
  year={1996},
  publisher={ACM New York, NY, USA}
}