@InProceedings{aqua,
author="Basu, Kinjal
and Shakerin, Farhad
and Gupta, Gopal",
title="{AQuA: ASP-Based Visual Question Answering}",
booktitle="Practical Aspects of Declarative Languages",
year="2020",
publisher="Springer International Publishing",
address="Cham",
pages="57--72"
}

@Book{baral,
  author =   {Baral, Chitta},
  title =    {Knowledge representation, reasoning and declarative problem
  solving},
  publisher =    {Cambridge University Press},
  year =     2003
}

@inproceedings{square,
  author    = {Kinjal Basu and
               Sarat Chandra Varanasi and
               Farhad Shakerin and
               Gopal Gupta},
  title     = {{SQuARE}: {S}emantics-based {Q}uestion {A}nswering and {R}easoning {E}ngine},
  booktitle = {Proc. 36th ICLP (Technical Communications)},
  series    = {{EPTCS}},
  volume    = {325},
  pages     = {73--86},
  year      = {2020}
}

@inproceedings{caspr,
  author    = {Dhruva Pendharkar and
               Gopal Gupta},
  title     = {An {ASP} {B}ased {A}pproach to {A}nswering {Q}uestions for {N}atural {L}anguage
               {T}ext},
  booktitle = {Proc. Practical Aspects of Declarative Languages, \rm Springer LNCS 11372, pp. 46-63}, 
  series    = {Lecture Notes in Computer Science},
  volume    = {11372},
  pages     = {46--63},
  publisher = {Springer},
  year      = {2019}
}


@book{d_semantics,
  title={Denotational semantics: a methodology for language development, {William C}},
  author={Schmidt, David A},
  year={1986},
  publisher={Brown Publishers, Dubuque, IA, USA}
}

@incollection{horn_logic,
  title={Horn logic denotations and their applications},
  author={Gupta, Gopal},
  booktitle={The Logic Programming Paradigm},
  pages={127--159},
  year={1999},
  publisher={Springer}
}

@article{scasp,
  title={Constraint answer set programming without grounding},
  author={Arias, Joaquin and Carro, Manuel and Salazar, Elmer and Marple, Kyle and Gupta, Gopal},
  journal={TPLP},
  volume={18},
  number={3-4},
  pages={337--354},
  year={2018},
  publisher={Cambridge University Press},
  doi = {10.1017/S1471068418000285}
}

@article{sasp,
  title={Computing stable models of normal logic programs without grounding},
  author={Marple, Kyle and Salazar, Elmer and Gupta, Gopal},
  journal={arXiv preprint arXiv:1709.00501},
  year={2017}
}

@article{babi,
  title={Towards {AI}-{C}omplete {Q}uestion {A}nswering: {A} {S}et of {P}rerequisite {T}oy {T}asks},
  author={Weston, Jason and others},
  journal={arXiv preprint arXiv:1502.05698},
  year={2015}
}

@inproceedings{mctest,
  title={{MCTest: A Challenge Dataset for the Open-Domain Machine Comprehension of Text}},
  author={Richardson, Matthew and Burges, Christopher JC and Renshaw, Erin},
  booktitle={Proceedings of the 2013 EMNLP},
  pages={193--203},
  year={2013}
}

@article{squad2,
  title={Know what you don't know: {U}nanswerable questions for {SQuAD}},
  author={Rajpurkar, Pranav and Jia, Robin and Liang, Percy},
  journal={arXiv preprint arXiv:1806.03822},
  year={2018},
  doi = {10.18653/v1/P18-2124}
}

@article{squad1,
  title={{SQuAD: 100,000+ Questions for Machine Comprehension of Text}},
  author={Rajpurkar, Pranav and Zhang, Jian and Lopyrev, Konstantin and Liang, Percy},
  journal={arXiv preprint arXiv:1606.05250},
  year={2016},
  doi = {10.18653/v1/D16-1264}
}

@inproceedings{wikiqa,
    title = "{W}iki{QA}: {A} {C}hallenge {D}ataset for {O}pen-{D}omain {Q}uestion {A}nswering",
    author = "Yang, Yi  and
      Yih, Wen-tau  and
      Meek, Christopher",
    booktitle = "Proceedings of the 2015 EMNLP",
    month = sep,
    year = "2015",
    address = "Lisbon, Portugal",
    publisher = "ACL",
    url = "https://www.aclweb.org/anthology/D15-1237",
    doi = "10.18653/v1/D15-1237",
    pages = "2013--2018",
}

@article{wn,
  title={WordNet: a lexical database for English},
  author={Miller, George A},
  journal={Communications of the ACM},
  volume={38},
  number={11},
  pages={39--41},
  year={1995},
  publisher={ACM New York, NY, USA}
}

@inproceedings{fn,
  title={The berkeley framenet project},
  author={Baker, Collin F and Fillmore, Charles J and Lowe, John B},
  booktitle={Proceedings of the 17th IC on Computational linguistics-Volume 1},
  pages={86--90},
  year={1998},
  organization={ACL}
}

@article{pb,
  title={The proposition bank: An annotated corpus of semantic roles},
  author={Palmer, Martha and Gildea, Daniel and Kingsbury, Paul},
  journal={Computational linguistics},
  volume={31},
  number={1},
  pages={71--106},
  year={2005},
  publisher={MIT Press}
}

@article{vn,
  title={A large-scale classification of English verbs},
  author={Kipper, Karin and Korhonen, Anna and Ryant, Neville and Palmer, Martha},
  journal={Language Resources and Evaluation},
  volume={42},
  number={1},
  pages={21--40},
  year={2008},
  publisher={Springer},
  doi = {10.1007/s10579-007-9048-2}
}


@inproceedings{on,
  title={OntoNotes: the 90\% solution},
  author={Hovy, Eduard and Marcus, Mitch and Palmer, Martha and Ramshaw, Lance and Weischedel, Ralph},
  booktitle={Human lang. tech. conf. of the NAACL, Companion Volume},
  pages={57--60},
  year={2006}
}

@inproceedings{stablemodel,
  title={The stable model semantics for logic programming.},
  author={Gelfond, Michael and Lifschitz, Vladimir},
  booktitle={ICLP/SLP},
  volume={88},
  pages={1070--1080},
  year={1988}
  
}


@book{asp,
  title={Knowledge representation, reasoning, and the design of intelligent agents: The answer-set programming approach},
  author={Gelfond, Michael and Kahl, Yulia},
  year={2014},
  publisher={Cambridge University Press},
  doi = {10.1017/CBO9781139342124}
}


@article{dfs,
  title={Depth-first search and linear graph algorithms},
  author={Tarjan, Robert},
  journal={SIAM journal on computing},
  volume={1},
  number={2},
  pages={146--160},
  year={1972},
  publisher={SIAM}
}


@article{penntree,
  title={Building a {L}arge {A}nnotated {C}orpus of {E}nglish: {T}he {P}enn {T}reebank},
  author={Marcus, Mitch and Santorini, Beatrice and Marcinkiewicz, Mary Ann},
  journal={Computational Linguistics},
  volume={19},
  number={2},
  pages={313--330},
  year={1993},
  doi = {10.21236/ada273556}
}

@inproceedings{baseball,
  title={Baseball: an automatic question-answerer},
  author={Green Jr, Bert F and Wolf, Alice K and Chomsky, Carol and Laughery, Kenneth},
  booktitle={Western Joint IRE-AIEE-ACM computer conf.},
  pages={219--224},
  year={1961},
  doi = {10.1109/AFIPS.1961.20}
}


@inproceedings{lunar,
  title={Progress in natural language understanding: {A}n application to lunar geology},
  author={Woods, William A},
  booktitle={Proceedings of the June, 1973, national computer conf. and exposition},
  pages={441--450},
  year={1973},
  doi = {10.1145/1499586.1499695}
}

@article{le2020memory,
  title={Self-Attentive Associative Memory},
  author={Le, Hung and Tran, Truyen and Venkatesh, Svetha},
  journal={arXiv preprint arXiv:2002.03519},
  year={2020}
}

@article{seo2016lstm,
  title={Query-reduction networks for question answering},
  author={Seo, Minjoon and Min, Sewon and Farhadi, Ali and Hajishirzi, Hannaneh},
  journal={arXiv preprint arXiv:1606.04582},
  year={2016}
}

@article{henaff2016lstm,
  title={Tracking the world state with recurrent entity networks},
  author={Henaff, Mikael and Weston, Jason and Szlam, Arthur and Bordes, Antoine and LeCun, Yann},
  journal={arXiv preprint arXiv:1612.03969},
  year={2016}
}

@article{banino2020memory,
  title={Memo: A deep network for flexible combination of episodic memories},
  author={Banino, Andrea and others},
  journal={arXiv preprint arXiv:2001.10913},
  year={2020}
}

@article{moon2018memory,
  title={Finding ReMO (Related Memory Object): A simple neural architecture for text based reasoning},
  author={Moon, Jihyung and Yang, Hyochang and Cho, Sungzoon},
  journal={arXiv preprint arXiv:1801.08459},
  year={2018}
}

@article{gulcehre2018lstm,
  title={Dynamic neural turing machine with continuous and discrete addressing schemes},
  author={Gulcehre, Caglar and Chandar, Sarath and Cho, Kyunghyun and Bengio, Yoshua},
  journal={Neural computation},
  volume={30},
  number={4},
  pages={857--884},
  year={2018},
  publisher={MIT Press}
}

@article{memory-nn,
  title={Memory networks},
  author={Weston, Jason and Chopra, Sumit and Bordes, Antoine},
  journal={arXiv preprint arXiv:1410.3916},
  year={2014}
}

@article{lstm,
  title={Long short-term memory},
  author={Hochreiter, Sepp and Schmidhuber, J{\"u}rgen},
  journal={Neural computation},
  volume={9},
  number={8},
  pages={1735--1780},
  year={1997},
  publisher={MIT Press},
  doi = {10.1162/neco.1997.9.8.1735}
}

@article{gru,
  title={On the properties of neural machine translation: Encoder-decoder approaches},
  author={Cho, Kyunghyun and Van Merri{\"e}nboer, Bart and Bahdanau, Dzmitry and Bengio, Yoshua},
  journal={arXiv preprint arXiv:1409.1259},
  year={2014}
}


@book{verbclasses,
  title={English verb classes and alternations: A preliminary investigation},
  author={Levin, Beth},
  year={1993},
  publisher={U. Chicago Press},
  doi = {10.1075/fol.2.1.16noe}
}

@inproceedings{dmn,
  title={Ask me anything: Dynamic memory networks for natural language processing},
  author={Kumar, Ankit and others},
  booktitle={ICML},
  pages={1378--1387},
  year={2016},
  doi = {10.1109/ASYU48272.2019.8946411}
}

@InProceedings{corenlp,
  author    = {Manning, Christopher D. and  Surdeanu, Mihai  and  Bauer, John  and  Finkel, Jenny  and  Bethard, Steven J. and  McClosky, David},
  title     = {The {Stanford} {CoreNLP} {NLP} Toolkit},
  booktitle = {ACL System Demonstrations},
  year      = {2014},
  pages     = {55--60},
  doi = {10.3115/v1/P14-5010}
}

@article{uni_dependency,
  title={Universal dependency parsing from scratch},
  author={Qi, Peng and Dozat, Timothy and Zhang, Yuhao and Manning, Christopher D},
  journal={arXiv preprint arXiv:1901.10457},
  year={2019},
  doi = {10.18653/v1/K18-2016}
}

@article{fold,
  title={A new algorithm to automate inductive learning of default theories},
  author={Shakerin, Farhad and Salazar, Elmer and Gupta, Gopal},
  journal={Theory and Practice of Logic Programming},
  volume={17},
  number={5-6},
  pages={1010--1026},
  year={2017},
  publisher={Cambridge University Press},
  doi = {10.1017/s1471068417000333}
}

@article{dcg,
  title={Definite clause grammars for language analysis—a survey of the formalism and a comparison with augmented transition networks},
  author={Pereira, Fernando CN and others},
  journal={AI},
  volume={13},
  number={3},
  pages={231--278},
  year={1980},
  publisher={Elsevier}
}

@inproceedings{mitra,
  title={Addressing a question answering challenge by combining statistical methods with inductive rule learning and reasoning},
  author={Mitra, Arindam and Baral, Chitta},
  booktitle={Proc. AAAI},
  year={2016}
}


@inproceedings{ALM,
  title={Action languages and question answering},
  author={Lierler, Yuliya and Inclezan, Daniela and Gelfond, Michael},
  booktitle={IWCS 2017—12th International Conference on Computational Semantics—Short papers},
  year={2017}
}


@article{mitrabaral18,
  title={Incremental and iterative learning of answer set programs from mutually distinct examples},
  author={Mitra, Arindam and Baral, Chitta},
  journal={Theory and Practice of Logic Programming},
  volume={18},
  number={3-4},
  pages={623--637},
  year={2018},
  publisher={Cambridge University Press},
  doi = {10.1017/S1471068418000248}
}


@article{cyc,
  title={CYC: A large-scale investment in knowledge infrastructure},
  author={Lenat, Douglas B},
  journal={Communications of the ACM},
  volume={38},
  number={11},
  pages={33--38},
  year={1995},
  publisher={ACM New York, NY, USA},
  doi = {10.1145/219717.219745}
}

@incollection{horn_logic_gupta,
  title={Horn logic denotations and their applications},
  author={Gupta, Gopal},
  booktitle={The Logic Programming Paradigm},
  pages={127--159},
  year={1999},
  publisher={Springer}
}

@article{eliza,
  title={{ELIZA}---a computer program for the study of natural language communication between man and machine},
  author={Weizenbaum, Joseph},
  journal={CACM},
  volume={9},
  number={1},
  pages={36--45},
  year={1966}
}

@article{parry,
  title={Artificial paranoia},
  author={Colby, Kenneth Mark and Weber, Sylvia and Hilf, Franklin Dennis},
  journal={Artificial Intelligence},
  volume={2},
  number={1},
  pages={1--25},
  year={1971},
  publisher={Elsevier}
}

@article{babi_dialog,
  title={Learning end-to-end goal-oriented dialog},
  author={Bordes, Antoine and Boureau, Y-Lan and Weston, Jason},
  journal={arXiv preprint arXiv:1605.07683},
  year={2016}
}

@inproceedings{switchboard_dialog,
  title={SWITCHBOARD: Telephone speech corpus for research and development},
  author={Godfrey, John J and Holliman, Edward C and McDaniel, Jane},
  booktitle={Acoustics, Speech, and Signal Processing, IEEE International Conference on},
  volume={1},
  pages={517--520},
  year={1992},
  organization={IEEE Computer Society}
}

@inproceedings{dstc_dialog,
    title = "The Dialog State Tracking Challenge",
    author = "Williams, Jason  and
      Raux, Antoine  and
      Ramachandran, Deepak  and
      Black, Alan",
    booktitle = "Proceedings of the {SIGDIAL} 2013 Conference",
    month = aug,
    year = "2013",
    address = "Metz, France",
    publisher = "Association for Computational Linguistics",
    url = "https://www.aclweb.org/anthology/W13-4065",
    pages = "404--413",
}

@article{ubuntu_dialog,
  title={The ubuntu dialogue corpus: A large dataset for research in unstructured multi-turn dialogue systems},
  author={Lowe, Ryan and Pow, Nissan and Serban, Iulian and Pineau, Joelle},
  journal={arXiv preprint arXiv:1506.08909},
  year={2015}
}

@inproceedings{twitter_dialog,
  title={Unsupervised modeling of twitter conversations},
  author={Ritter, Alan and Cherry, Colin and Dolan, Bill},
  booktitle={Human Language Technologies: The 2010 Annual Conference of the North American Chapter of the Association for Computational Linguistics},
  pages={172--180},
  year={2010}
}


@inproceedings{cyc_vn,
  title={Expanding verb coverage in {C}yc with {V}erb{N}et},
  author={McFate, Clifton},
  booktitle={Proceedings of the ACL 2010 Student Research Workshop},
  pages={61--66},
  year={2010}
}

@misc{text_to_drs,
  title={{F}rom {N}arrative {T}ext to {V}erb{N}et-Based {DRSes}: {S}ystem {T}ext2{DRS}},
  author={Ling, Gang},
  year={2018},
  publisher={University of Nebraska at Omaha. Retrieved from https://www. unomaha. edu~…}
}

@article{ad_attack,
  title={Metamorphic relation based adversarial attacks on differentiable neural computer},
  author={Chan, Alvin and Ma, Lei and Juefei-Xu, Felix and Xie, Xiaofei and Liu, Yang and Ong, Yew Soon},
  journal={arXiv preprint arXiv:1809.02444},
  year={2018}
}

@unpublished{spacy,
    AUTHOR = {Honnibal, Matthew and Montani, Ines},
    TITLE  = {{spaCy 2}: Natural language understanding with {B}loom embeddings, convolutional neural networks and incremental parsing},
    YEAR   = {2017},
    Note   = {To appear}
}

@article{bossnet,
  title={Disentangling language and knowledge in task-oriented dialogs},
  author={Raghu, Dinesh and Gupta, Nikhil and others},
  journal={arXiv preprint arXiv:1805.01216},
  year={2018}
}

@article{QRN,
  title={Query-reduction networks for question answering},
  author={Seo, Minjoon and Min, Sewon and Farhadi, Ali and Hajishirzi, Hannaneh},
  journal={arXiv preprint arXiv:1606.04582},
  year={2016}
}

@article{mem2seq,
  title={Mem2{S}eq: {E}ffectively incorporating knowledge bases into end-to-end task-oriented dialog systems},
  author={Madotto, Andrea and Wu, Chien-Sheng and Fung, Pascale},
  journal={arXiv preprint arXiv:1804.08217},
  year={2018}
}

@article{gpt3,
  title={Language models are few-shot learners},
  author={Brown, Tom B and Mann, Benjamin and Ryder, Nick and Subbiah, Melanie and Kaplan, Jared and Dhariwal, Prafulla and Neelakantan, Arvind and Shyam, Pranav and Sastry, Girish and Askell, Amanda and others},
  journal={arXiv preprint arXiv:2005.14165},
  year={2020}
}

@article{bert,
  title={{BERT}: Pre-training of deep bidirectional transformers for language understanding},
  author={Devlin, Jacob and Chang, Ming-Wei and Lee, Kenton and Toutanova, Kristina},
  journal={arXiv preprint arXiv:1810.04805},
  year={2018}
}


@inproceedings{vn_ie,
  title={Open language learning for information extraction},
  author={Schmitz, Michael and Soderland, Stephen and Bart, Robert and Etzioni, Oren and others},
  booktitle={Proceedings of the 2012 Joint Conference on Empirical Methods in Natural Language Processing and Computational Natural Language Learning},
  pages={523--534},
  year={2012}
}


@article{scasp_justification,
  title={Justifications for Goal-Directed Constraint Answer Set Programming},
  author={Arias, Joaqu{\'\i}n and Carro, Manuel and Chen, Zhuo and Gupta, Gopal},
  journal={arXiv preprint arXiv:2009.10238},
  year={2020}
}