@article{weizenbaum1966eliza,
  title={ELIZAâ€”a computer program for the study of natural language communication between man and machine},
  author={Weizenbaum, Joseph},
  journal={Communications of the ACM},
  volume={9},
  number={1},
  pages={36--45},
  year={1966},
  publisher={ACM New York, NY, USA}
}

@article{colby1971artificial,
  title={Artificial paranoia},
  author={Colby, Kenneth Mark and Weber, Sylvia and Hilf, Franklin Dennis},
  journal={Artificial Intelligence},
  volume={2},
  number={1},
  pages={1--25},
  year={1971},
  publisher={Elsevier}
}

@inproceedings{ritter2011data,
  title={Data-driven response generation in social media},
  author={Ritter, Alan and Cherry, Colin and Dolan, William B},
  booktitle={EMNLP},
  pages={583--593},
  year={2011}
}

@article{vinyals2015neural,
  title={A neural conversational model},
  author={Vinyals, Oriol and Le, Quoc},
  journal={arXiv preprint arXiv:1506.05869},
  year={2015}
}

@inproceedings{lowe2015ubuntu,
  title={The Ubuntu Dialogue Corpus: A Large Dataset for Research in Unstructured Multi-Turn Dialogue Systems},
  author={Lowe, Ryan and Pow, Nissan and Serban, Iulian Vlad and Pineau, Joelle},
  booktitle={SIGDIAL},
  pages={285--294},
  year={2015}
}

@inproceedings{gao2018neural,
  title={Neural approaches to conversational AI},
  author={Gao, Jianfeng and Galley, Michel and Li, Lihong},
  booktitle={SIGIR},
  pages={1371--1374},
  year={2018}
}

@article{li2016simple,
  title={A Simple, Fast Diverse Decoding Algorithm for Neural Generation},
  author={Li, Jiwei and Monroe, Will and Jurafsky, Dan},
  journal={arXiv preprint arXiv:1611.08562},
  year={2016}
}

@inproceedings{zhang2018generating,
  title={Generating informative and diverse conversational responses via adversarial information maximization},
  author={Zhang, Yizhe and Galley, Michel and Gao, Jianfeng and Gan, Zhe and Li, Xiujun and Brockett, Chris and Dolan, Bill},
  booktitle={NIPS},
  pages={1810--1820},
  year={2018}
}

@inproceedings{zhou2018commonsense,
  title={Commonsense Knowledge Aware Conversation Generation with Graph Attention.},
  author={Zhou, Hao and Young, Tom and Huang, Minlie and Zhao, Haizhou and Xu, Jingfang and Zhu, Xiaoyan},
  booktitle={IJCAI},
  pages={4623--4629},
  year={2018}
}

@inproceedings{
    dinan2018wizard,
    title={Wizard of Wikipedia: Knowledge-Powered Conversational Agents},
    author={Emily Dinan and Stephen Roller and Kurt Shuster and Angela Fan and Michael Auli and Jason Weston},
    booktitle={ICLR},
    year={2019}
}

@inproceedings{li2016persona,
  title={A Persona-Based Neural Conversation Model},
  author={Li, Jiwei and Galley, Michel and Brockett, Chris and Spithourakis, Georgios and Gao, Jianfeng and Dolan, Bill},
  booktitle={ACL},
  pages={994--1003},
  year={2016}
}

@inproceedings{zhang2018personalizing,
  title={Personalizing Dialogue Agents: I have a dog, do you have pets too?},
  author={Zhang, Saizheng and Dinan, Emily and Urbanek, Jack and Szlam, Arthur and Kiela, Douwe and Weston, Jason},
  booktitle={ACL},
  pages={2204--2213},
  year={2018}
}

@inproceedings{zhou2018emotional,
	author = {Hao Zhou and Minlie Huang and Tianyang Zhang and Xiaoyan Zhu and Bing Liu},
	title = {Emotional Chatting Machine: Emotional Conversation Generation with Internal and External Memory},
	booktitle = {AAAI},
	pages={730--739},
	year = {2018}
}

@inproceedings{rashkin2019towards,
  title={Towards Empathetic Open-domain Conversation Models: A New Benchmark and Dataset},
  author={Rashkin, Hannah and Smith, Eric Michael and Li, Margaret and Boureau, Y-Lan},
  booktitle={ACL},
  pages={5370--5381},
  year={2019}
}

@inproceedings{tang2019target,
  title={Target-Guided Open-Domain Conversation},
  author={Tang, Jianheng and Zhao, Tiancheng and Xiong, Chenyan and Liang, Xiaodan and Xing, Eric and Hu, Zhiting},
  booktitle={ACL},
  pages={5624--5634},
  year={2019}
}

@inproceedings{qin2020dynamic,
  author    = {Jinghui Qin and
               Zheng Ye and
               Jianheng Tang and
               Xiaodan Liang},
  title     = {Dynamic Knowledge Routing Network for Target-Guided Open-Domain Conversation},
  booktitle = {AAAI},
  pages     = {8657--8664},
  year      = {2020}
}

@article{schegloff1991conversation,
  title={Conversation analysis and socially shared cognition.},
  author={Schegloff, Emanuel A},
  year={1991},
  journal={American Psychological Association}
}

@inproceedings{stocky2004commonsense,
  title={A commonsense approach to predictive text entry},
  author={Stocky, Tom and Faaborg, Alexander and Lieberman, Henry},
  booktitle={CHI},
  pages={1163--1166},
  year={2004}
}

@article{lieberman2004beating,
  title={Beating common sense into interactive applications},
  author={Lieberman, Henry and Liu, Hugo and Singh, Push and Barry, Barbara},
  journal={AI Magazine},
  volume={25},
  number={4},
  pages={63--76},
  year={2004}
}

@inproceedings{wu2019proactive,
  title={Proactive Human-Machine Conversation with Explicit Conversation Goal},
  author={Wu, Wenquan and Guo, Zhen and Zhou, Xiangyang and Wu, Hua and Zhang, Xiyuan and Lian, Rongzhong and Wang, Haifeng},
  booktitle={ACL},
  pages={3794--3804},
  year={2019}
}

@inproceedings{xu2020knowledge,
  title={Knowledge graph grounded goal planning for open-domain conversation generation},
  author={Xu, Jun and Wang, Haifeng and Niu, Zhengyu and Wu, Hua and Che, Wanxiang},
  booktitle={AAAI},
  pages={9338--9345},
  year={2020}
}

@inproceedings{xu2020conversational,
  title={Conversational Graph Grounded Policy Learning for Open-Domain Conversation Generation},
  author={Xu, Jun and Wang, Haifeng and Niu, Zheng-Yu and Wu, Hua and Che, Wanxiang and Liu, Ting},
  booktitle={ACL},
  pages={1835--1845},
  year={2020}
}

@inproceedings{young2018augmenting,
  title={Augmenting end-to-end dialogue systems with commonsense knowledge},
  author={Young, Tom and Cambria, Erik and Chaturvedi, Iti and Zhou, Hao and Biswas, Subham and Huang, Minlie},
  booktitle={AAAI},
  pages={4970--4977},
  year={2018}
}

@inproceedings{zhang2020grounded,
  title={Grounded Conversation Generation as Guided Traverses in Commonsense Knowledge Graphs},
  author={Zhang, Houyu and Liu, Zhenghao and Xiong, Chenyan and Liu, Zhiyuan},
  booktitle={ACL},
  year={2020}
}

@inproceedings{speer2017conceptnet,
  title={ConceptNet 5.5: an open multilingual graph of general knowledge},
  author={Speer, Robyn and Chin, Joshua and Havasi, Catherine},
  booktitle={AAAI},
  pages={4444--4451},
  year={2017}
}

@inproceedings{cho2014learning,
  title={Learning Phrase Representations using RNN Encoder--Decoder for Statistical Machine Translation},
  author={Cho, Kyunghyun and van Merrienboer, Bart and Gulcehre, Caglar and Bahdanau, Dzmitry and Bougares, Fethi and Schwenk, Holger and Bengio, Yoshua},
  booktitle={EMNLP},
  pages={1724--1734},
  year={2014}
}

@inproceedings {li2016gated,
  author = {Yujia Li and
               Daniel Tarlow and
               Marc Brockschmidt and
               Richard S. Zemel},
  editor = {Yoshua Bengio and
               Yann LeCun},
  title = {Gated Graph Sequence Neural Networks},
  booktitle = {ICLR},
  year = {2016}
}

@article{dinan2019second,
  title={The second conversational intelligence challenge (convai2)},
  author={Dinan, Emily and Logacheva, Varvara and Malykh, Valentin and Miller, Alexander and Shuster, Kurt and Urbanek, Jack and Kiela, Douwe and Szlam, Arthur and Serban, Iulian and Lowe, Ryan and others},
  journal={arXiv preprint arXiv:1902.00098},
  year={2019}
}

@inproceedings{pennington2014glove,
  title={Glove: Global vectors for word representation},
  author={Pennington, Jeffrey and Socher, Richard and Manning, Christopher D},
  booktitle={EMNLP},
  pages={1532--1543},
  year={2014}
}

@article{kingma2014adam,
  title={Adam: A method for stochastic optimization},
  author={Kingma, Diederik P and Ba, Jimmy},
  journal={arXiv preprint arXiv:1412.6980},
  year={2014}
}

@article{jannach2020survey,
  title={A Survey on Conversational Recommender Systems},
  author={Jannach, Dietmar and Manzoor, Ahtsham and Cai, Wanling and Chen, Li},
  journal={arXiv preprint arXiv:2004.00646},
  year={2020}
}

@article{floyd1962algorithm,
  title={Algorithm 97: shortest path},
  author={Floyd, Robert W},
  journal={Communications of the ACM},
  volume={5},
  number={6},
  pages={345},
  year={1962},
  publisher={ACM New York, NY, USA}
}

@inproceedings{zhong2019affect,
  title={An Affect-Rich Neural Conversational Model with Biased Attention and Weighted Cross-Entropy Loss},
  author={Zhong, Peixiang and Wang, Di and Miao, Chunyan},
  booktitle={AAAI},
  pages={7492--7500},
  year={2019}
}

@inproceedings{zhong2020towards,
  title={Towards Persona-Based Empathetic Conversational Models},
  author={Zhong, Peixiang and Zhang, Chen and Wang, Hao and Liu, Yong and Miao, Chunyan},
  booktitle={EMNLP},
  pages={6556--6566},
  year={2020}
}

@inproceedings{zhong2020care,
  title={CARE: Commonsense-Aware Emotional Response Generation with Latent Concepts},
  author={Zhong, Peixiang and Wang, Di and Li, Pengfei and Zhang, Chen and Wang, Hao and Miao, Chunyan},
  booktitle={AAAI},
  year={2021}
}