
@inproceedings{krizhevsky2012imagenet,
  title={Imagenet classification with deep convolutional neural networks},
  author={Krizhevsky, Alex and Sutskever, Ilya and Hinton, Geoffrey E},
  booktitle={Advances in neural information processing systems},
  pages={1097--1105},
  year={2012}
}

@inproceedings{he2015delving,
  title={Delving deep into rectifiers: Surpassing human-level performance on imagenet classification},
  author={He, Kaiming and Zhang, Xiangyu and Ren, Shaoqing and Sun, Jian},
  booktitle={Proceedings of the IEEE international conference on computer vision},
  pages={1026--1034},
  year={2015}
}

@inproceedings{sutskever2014sequence,
  title={Sequence to sequence learning with neural networks},
  author={Sutskever, Ilya and Vinyals, Oriol and Le, Quoc V},
  booktitle={Advances in neural information processing systems},
  pages={3104--3112},
  year={2014}
}

@article{silver2017mastering,
  title={Mastering the game of go without human knowledge},
  author={Silver, David and Schrittwieser, Julian and Simonyan, Karen and Antonoglou, Ioannis and Huang, Aja and Guez, Arthur and Hubert, Thomas and Baker, Lucas and Lai, Matthew and Bolton, Adrian and others},
  journal={Nature},
  volume={550},
  number={7676},
  pages={354--359},
  year={2017},
  publisher={Nature Publishing Group}
}

@inproceedings{he2016deep,
  title={Deep residual learning for image recognition},
  author={He, Kaiming and Zhang, Xiangyu and Ren, Shaoqing and Sun, Jian},
  booktitle={Proceedings of the IEEE conference on computer vision and pattern recognition},
  pages={770--778},
  year={2016}
}




@article{madry2017towards,
  title={Towards deep learning models resistant to adversarial attacks},
  author={Madry, Aleksander and Makelov, Aleksandar and Schmidt, Ludwig and Tsipras, Dimitris and Vladu, Adrian},
  journal={arXiv preprint arXiv:1706.06083},
  year={2017}
}

@article{gilmer2018adversarial,
  title={Adversarial spheres},
  author={Gilmer, Justin and Metz, Luke and Faghri, Fartash and Schoenholz, Samuel S and Raghu, Maithra and Wattenberg, Martin and Goodfellow, Ian},
  journal={arXiv preprint arXiv:1801.02774},
  year={2018}
}

@article{rusak2020increasing,
  title={Increasing the robustness of DNNs against image corruptions by playing the Game of Noise},
  author={Rusak, Evgenia and Schott, Lukas and Zimmermann, Roland and Bitterwolf, Julian and Bringmann, Oliver and Bethge, Matthias and Brendel, Wieland},
  journal={arXiv preprint arXiv:2001.06057},
  year={2020}
}

@article{hendrycks2019robustness,
  title={Benchmarking Neural Network Robustness to Common Corruptions and Perturbations},
  author={Dan Hendrycks and Thomas Dietterich},
  journal={Proceedings of the International Conference on Learning Representations},
  year={2019}
}

@inproceedings{mikolajczyk2018data,
  title={Data augmentation for improving deep learning in image classification problem},
  author={Miko{\l}ajczyk, Agnieszka and Grochowski, Micha{\l}},
  booktitle={2018 international interdisciplinary PhD workshop (IIPhDW)},
  pages={117--122},
  year={2018},
  organization={IEEE}
}

@techreport{settles2009active,
  title={Active learning literature survey},
  author={Settles, Burr},
  year={2009},
  institution={University of Wisconsin-Madison Department of Computer Sciences}
}

@article{alzantot2018generating,
  title={Generating natural language adversarial examples},
  author={Alzantot, Moustafa and Sharma, Yash and Elgohary, Ahmed and Ho, Bo-Jhang and Srivastava, Mani and Chang, Kai-Wei},
  journal={arXiv preprint arXiv:1804.07998},
  year={2018}
}

@article{szegedy2013intriguing,
  title={Intriguing properties of neural networks},
  author={Szegedy, Christian and Zaremba, Wojciech and Sutskever, Ilya and Bruna, Joan and Erhan, Dumitru and Goodfellow, Ian and Fergus, Rob},
  journal={arXiv preprint arXiv:1312.6199},
  year={2013}
}

@article{geirhos2018imagenet,
  title={ImageNet-trained CNNs are biased towards texture; increasing shape bias improves accuracy and robustness},
  author={Geirhos, Robert and Rubisch, Patricia and Michaelis, Claudio and Bethge, Matthias and Wichmann, Felix A and Brendel, Wieland},
  journal={arXiv preprint arXiv:1811.12231},
  year={2018}
}

@article{tramer2020adaptive,
  title={On adaptive attacks to adversarial example defenses},
  author={Tramer, Florian and Carlini, Nicholas and Brendel, Wieland and Madry, Aleksander},
  journal={arXiv preprint arXiv:2002.08347},
  year={2020}
}

@article{wong2019wasserstein,
  title={Wasserstein adversarial examples via projected sinkhorn iterations},
  author={Wong, Eric and Schmidt, Frank R and Kolter, J Zico},
  journal={arXiv preprint arXiv:1902.07906},
  year={2019}
}

@article{michaelis2019benchmarking,
  title={Benchmarking robustness in object detection: Autonomous driving when winter is coming},
  author={Michaelis, Claudio and Mitzkus, Benjamin and Geirhos, Robert and Rusak, Evgenia and Bringmann, Oliver and Ecker, Alexander S and Bethge, Matthias and Brendel, Wieland},
  journal={arXiv preprint arXiv:1907.07484},
  year={2019}
}

@article{qian2016very,
  title={Very deep convolutional neural networks for noise robust speech recognition},
  author={Qian, Yanmin and Bi, Mengxiao and Tan, Tian and Yu, Kai},
  journal={IEEE/ACM Transactions on Audio, Speech, and Language Processing},
  volume={24},
  number={12},
  pages={2263--2276},
  year={2016},
  publisher={IEEE}
}

@article{cheng2020cat,
  title={Cat: Customized adversarial training for improved robustness},
  author={Cheng, Minhao and Lei, Qi and Chen, Pin-Yu and Dhillon, Inderjit and Hsieh, Cho-Jui},
  journal={arXiv preprint arXiv:2002.06789},
  year={2020}
}

@article{sitawarin2020improving,
  title={Improving Adversarial Robustness Through Progressive Hardening},
  author={Sitawarin, Chawin and Chakraborty, Supriyo and Wagner, David},
  journal={arXiv preprint arXiv:2003.09347},
  year={2020}
}

@article{zhang2020attacks,
  title={Attacks Which Do Not Kill Training Make Adversarial Learning Stronger},
  author={Zhang, Jingfeng and Xu, Xilie and Han, Bo and Niu, Gang and Cui, Lizhen and Sugiyama, Masashi and Kankanhalli, Mohan},
  journal={arXiv preprint arXiv:2002.11242},
  year={2020}
}

@inproceedings{bengio2009curriculum,
  title={Curriculum learning},
  author={Bengio, Yoshua and Louradour, J{\'e}r{\^o}me and Collobert, Ronan and Weston, Jason},
  booktitle={Proceedings of the 26th annual international conference on machine learning},
  pages={41--48},
  year={2009}
}

@inproceedings{drucker1991double,
  title={Double backpropagation increasing generalization performance},
  author={Drucker, Harris and Le Cun, Yann},
  booktitle={IJCNN-91-Seattle International Joint Conference on Neural Networks},
  volume={2},
  pages={145--150},
  year={1991},
  organization={IEEE}
}

@article{tikhonov1977solutions,
  title={Solutions of ill-posed problems},
  author={Tikhonov, Andrey N and Arsenin, Vasiliy Y},
  journal={New York},
  pages={1--30},
  year={1977}
}

@article{bishop1995training,
  title={Training with noise is equivalent to Tikhonov regularization},
  author={Bishop, Chris M},
  journal={Neural computation},
  volume={7},
  number={1},
  pages={108--116},
  year={1995},
  publisher={MIT Press}
}

@inproceedings{chapelle2001vicinal,
  title={Vicinal risk minimization},
  author={Chapelle, Olivier and Weston, Jason and Bottou, L{\'e}on and Vapnik, Vladimir},
  booktitle={Advances in neural information processing systems},
  pages={416--422},
  year={2001}
}

@article{uesato2018adversarial,
  title={Adversarial risk and the dangers of evaluating against weak attacks},
  author={Uesato, Jonathan and O'Donoghue, Brendan and Oord, Aaron van den and Kohli, Pushmeet},
  journal={arXiv preprint arXiv:1802.05666},
  year={2018}
}

@article{carlini2019evaluating,
  title={On evaluating adversarial robustness},
  author={Carlini, Nicholas and Athalye, Anish and Papernot, Nicolas and Brendel, Wieland and Rauber, Jonas and Tsipras, Dimitris and Goodfellow, Ian and Madry, Aleksander and Kurakin, Alexey},
  journal={arXiv preprint arXiv:1902.06705},
  year={2019}
}

@article{hendrycks2019augmix,
  title={AugMix: A Simple Data Processing Method to Improve Robustness and Uncertainty},
  author={Hendrycks, Dan and Mu, Norman and Cubuk, Ekin D and Zoph, Barret and Gilmer, Justin and Lakshminarayanan, Balaji},
  journal={arXiv preprint arXiv:1912.02781},
  year={2019}
}

@inproceedings{ilyas2019adversarial,
  title={Adversarial examples are not bugs, they are features},
  author={Ilyas, Andrew and Santurkar, Shibani and Tsipras, Dimitris and Engstrom, Logan and Tran, Brandon and Madry, Aleksander},
  booktitle={Advances in Neural Information Processing Systems},
  pages={125--136},
  year={2019}
}

@inproceedings{hendrycks2019using,
  title={Using self-supervised learning can improve model robustness and uncertainty},
  author={Hendrycks, Dan and Mazeika, Mantas and Kadavath, Saurav and Song, Dawn},
  booktitle={Advances in Neural Information Processing Systems},
  pages={15637--15648},
  year={2019}
}

@inproceedings{mao2019metric,
  title={Metric learning for adversarial robustness},
  author={Mao, Chengzhi and Zhong, Ziyuan and Yang, Junfeng and Vondrick, Carl and Ray, Baishakhi},
  booktitle={Advances in Neural Information Processing Systems},
  pages={478--489},
  year={2019}
}

@inproceedings{zhang2019making,
  title={Making Convolutional Networks Shift-Invariant Again},
  author={Zhang, Richard},
  booktitle={International Conference on Machine Learning},
  pages={7324--7334},
  year={2019}
}

@inproceedings{gilmer2019adversarial,
  title={Adversarial Examples Are a Natural Consequence of Test Error in Noise},
  author={Gilmer, Justin and Ford, Nicolas and Carlini, Nicholas and Cubuk, Ekin},
  booktitle={International Conference on Machine Learning},
  pages={2280--2289},
  year={2019}
}

@inproceedings{cohen2019certified,
  title={Certified Adversarial Robustness via Randomized Smoothing},
  author={Cohen, Jeremy and Rosenfeld, Elan and Kolter, Zico},
  booktitle={International Conference on Machine Learning},
  pages={1310--1320},
  year={2019}
}

@article{lecun1998gradient,
  title={Gradient-based learning applied to document recognition},
  author={LeCun, Yann and Bottou, L{\'e}on and Bengio, Yoshua and Haffner, Patrick},
  journal={Proceedings of the IEEE},
  volume={86},
  number={11},
  pages={2278--2324},
  year={1998},
  publisher={Ieee}
}

@article{krizhevsky2009learning,
  title={Learning multiple layers of features from tiny images},
  author={Krizhevsky, Alex and Hinton, Geoffrey and others},
  year={2009},
  publisher={Citeseer}
}

@article{yao2015tiny,
  title={Tiny imagenet classification with convolutional neural networks},
  author={Yao, Leon and Miller, John},
  journal={CS 231N},
  volume={2},
  number={5},
  pages={8},
  year={2015}
}

@article{mu2019mnist,
  title={Mnist-c: A robustness benchmark for computer vision},
  author={Mu, Norman and Gilmer, Justin},
  journal={arXiv preprint arXiv:1906.02337},
  year={2019}
}

@article{fu2013survey,
  title={A survey on instance selection for active learning},
  author={Fu, Yifan and Zhu, Xingquan and Li, Bin},
  journal={Knowledge and information systems},
  volume={35},
  number={2},
  pages={249--283},
  year={2013},
  publisher={Springer}
}

@inproceedings{huang2010active,
  title={Active learning by querying informative and representative examples},
  author={Huang, Sheng-Jun and Jin, Rong and Zhou, Zhi-Hua},
  booktitle={Advances in neural information processing systems},
  pages={892--900},
  year={2010}
}

@inproceedings{gal2017deep,
  title={Deep bayesian active learning with image data},
  author={Gal, Yarin and Islam, Riashat and Ghahramani, Zoubin},
  booktitle={Proceedings of the 34th International Conference on Machine Learning-Volume 70},
  pages={1183--1192},
  year={2017},
  organization={JMLR. org}
}

@article{sener2017active,
  title={Active learning for convolutional neural networks: A core-set approach},
  author={Sener, Ozan and Savarese, Silvio},
  journal={arXiv preprint arXiv:1708.00489},
  year={2017}
}

@article{wang2016cost,
  title={Cost-effective active learning for deep image classification},
  author={Wang, Keze and Zhang, Dongyu and Li, Ya and Zhang, Ruimao and Lin, Liang},
  journal={IEEE Transactions on Circuits and Systems for Video Technology},
  volume={27},
  number={12},
  pages={2591--2600},
  year={2016},
  publisher={IEEE}
}

@inproceedings{lewis1994sequential,
  title={A sequential algorithm for training text classifiers},
  author={Lewis, David D and Gale, William A},
  booktitle={SIGIR’94},
  pages={3--12},
  year={1994},
  organization={Springer}
}

@inproceedings{seung1992query,
  title={Query by committee},
  author={Seung, H Sebastian and Opper, Manfred and Sompolinsky, Haim},
  booktitle={Proceedings of the fifth annual workshop on Computational learning theory},
  pages={287--294},
  year={1992}
}

@article{you2014diverse,
  title={Diverse expected gradient active learning for relative attributes},
  author={You, Xinge and Wang, Ruxin and Tao, Dacheng},
  journal={IEEE transactions on image processing},
  volume={23},
  number={7},
  pages={3203--3217},
  year={2014},
  publisher={IEEE}
}

@article{geman1992neural,
  title={Neural networks and the bias/variance dilemma},
  author={Geman, Stuart and Bienenstock, Elie and Doursat, Ren{\'e}},
  journal={Neural computation},
  volume={4},
  number={1},
  pages={1--58},
  year={1992},
  publisher={MIT Press}
}

@misc{roy2001toward,
  title={Toward optimal active learning through sampling estimation of error reduction. Int. Conf. on Machine Learning},
  author={Roy, N and McCallum, A},
  year={2001},
  publisher={Morgan Kaufmann}
}

@article{grandvalet1997noise,
  title={Noise injection: Theoretical prospects},
  author={Grandvalet, Yves and Canu, St{\'e}phane and Boucheron, St{\'e}phane},
  journal={Neural Computation},
  volume={9},
  number={5},
  pages={1093--1108},
  year={1997},
  publisher={MIT Press}
}

@article{pukelsheim1994three, 
  title={The three sigma rule}, 
  author={Pukelsheim, Friedrich}, 
  journal={The American Statistician}, 
  volume={48}, 
  number={2}, 
  pages={88--91}, 
  year={1994}, 
  publisher={Taylor \& Francis Group} 
} 

@inproceedings{huang2013active,
  title={Active query driven by uncertainty and diversity for incremental multi-label learning},
  author={Huang, Sheng-Jun and Zhou, Zhi-Hua},
  booktitle={2013 IEEE 13th International Conference on Data Mining},
  pages={1079--1084},
  year={2013},
  organization={IEEE}
}

@inproceedings{huijser2017active,
  title={Active decision boundary annotation with deep generative models},
  author={Huijser, Miriam and van Gemert, Jan C},
  booktitle={Proceedings of the IEEE international conference on computer vision},
  pages={5286--5295},
  year={2017}
}

@inproceedings{wang2020improving,
  title={Improving adversarial robustness requires revisiting misclassified examples},
  author={Wang, Yisen and Zou, Difan and Yi, Jinfeng and Bailey, James and Ma, Xingjun and Gu, Quanquan},
  booktitle={International Conference on Learning Representations},
  year={2020}
}

@article{zhang2019theoretically,
  title={Theoretically principled trade-off between robustness and accuracy},
  author={Zhang, Hongyang and Yu, Yaodong and Jiao, Jiantao and Xing, Eric P and Ghaoui, Laurent El and Jordan, Michael I},
  journal={arXiv preprint arXiv:1901.08573},
  year={2019}
}

@inproceedings{
Cemgil2020Adversarially,
title={Adversarially Robust Representations with Smooth Encoders},
author={Taylan Cemgil and Sumedh Ghaisas and Krishnamurthy (Dj) Dvijotham and Pushmeet Kohli},
booktitle={International Conference on Learning Representations},
year={2020},
url={https://openreview.net/forum?id=H1gfFaEYDS}
}

@inproceedings{ouni2012visartico,
  title={VisArtico: a visualization tool for articulatory data},
  author={Ouni, Slim and Mangeonjean, Lo{\"\i}c and Steiner, Ingmar},
  booktitle={Thirteenth Annual Conference of the International Speech Communication Association},
  year={2012}
}

@article{wong2020learning,
  title={Learning perturbation sets for robust machine learning},
  author={Wong, Eric and Kolter, J Zico},
  journal={arXiv preprint arXiv:2007.08450},
  year={2020}
}

