% - MMAI Lab (V1, 2023/03/06)

% - conferences
@string{aaai =  "Proc. AAAI"}
@string{accv =  "Proc. ACCV"}
@string{acmmm = "Proc. ACM MM"}
@string{aistats   = "Proc. AISTATS"}
@string{asru = "IEEE Automatic Speech Recognition and Understanding workshop"}
@string{bmvc =  "Proc. BMVC."}
@string{cvpr   = "Proc. CVPR"}
@string{dcase = "Proc. DCASE"}
@string{eccv  = "Proc. ECCV"}
@string{fg = "Proc. Int. Conf. Autom. Face and Gesture Recog."}
@string{icassp="Proc. ICASSP"}
@string{iccv =  "Proc. ICCV"}
@string{icip = "Intl. Conf. Image Proc."}
@string{iclr = "Proc. ICLR"}
@string{icpr =  "Proc. ICPR"}
@string{icra =  "Proc. Intl. Conf. on Robotics and Automation"}
@string{icml =  "Proc. ICML"}
@string{ieeera ="Proc. IEEE Conf. Robotics and Automation"}
@string{ijcai = "Proc. IJCAI"}
@string{iros =  "Proc. IEEE/RSJ Conf. on Intelligent Robots and Systems"}
@string{is =  "Proc. Interspeech"}
@string{iscv =  "IEEE Intl. Symposium on Computer Vision"}
@string{ivc  =  "Image and Vision Computing"}
@string{mcbr = "Proc. MCBR-CDS"}
@string{miccai = "Proc. MICCAI"}
@string{naacl = "Proc. NAACL"}
@string{nips = "NeurIPS"}
@string{neurips = nips}
@string{siggraph = "Proc. ACM SIGGRAPH"}
@string{slt = "IEEE Spoken Language Technology workshop"}
@string{wacv =  "Proc. WACV"}

% - journals
@string{csl = "Computer Speech and Language"}
@string{cviu =   "Computer Vision and Image Understanding"}
@string{ieeenn = "IEEE Trans. Neural Networks"}
@string{ijcv =  "Intl. Journal of computer vision"}
@string{ijprai ="Intl. Journal of Patt. Recogn. in Artificial Intelligence"}
@string{ijrr =  "Intl. Journal of Robotics Research"}
@string{jasa =   "Journal of the Acoustical Society of America"}
@string{jstsp = "IEEE Journal of Selected Topics in Signal Processing"}
@string{jvcir = "Journal of Visual Communication and Image Representation"}
@string{prl = "Pattern Recognition Letters"}
@string{spl = "Signal Processing Letters"}
@string{taslp =  "IEEE/ACM Trans. on Audio, Speech, and Language Processing"}
@string{tip =  "IEEE Trans. on Image Processing"}
@string{tpami =  "IEEE Trans. on Pattern Analysis and Machine Intelligence"}
@string{tsp =  "IEEE Trans. on Signal Processing"}





@article{smith1987when,
  title={When Lip Reading between the Lines Had the Subtitles Beat by a Long Sight},
  author={Smith, Jack},
  journal={LA Times},
  year={1987},
}

@article{midgley2006new,
  title={New Technology Catches Hitler Off Guard},
  author={Midgley, Neil},
  journal={Telegraph},
  year={2006},
}

@inproceedings{kreuk2021textless,
  title={Textless Speech Emotion Conversion using Discrete and Decomposed Representations},
  author={Kreuk, Felix and Polyak, Adam and Copet, Jade and Kharitonov, Eugene and Nguyen, Tu-Anh and Rivi{\`e}re, Morgane and Hsu, Wei-Ning and Mohamed, Abdelrahman and Dupoux, Emmanuel and Adi, Yossi},
    booktitle = "Proc. EMNLP",
  year={2022}
}

@article{daubechies1988orthonormal,
  title={Orthonormal Bases of Compactly Supported Wavelets},
  author={Daubechies, Ingrid},
  journal={Communications on pure and applied mathematics},
  volume={41},
  number={7},
  pages={909--996},
  year={1988},
}

@inproceedings{kim21f_interspeech,
  author={Ji-Hoon Kim and Sang-Hoon Lee and Ji-Hyun Lee and Seong-Whan Lee},
  title={{Fre-GAN: Adversarial Frequency-Consistent Audio Synthesis}},
  year={2021},
  booktitle=is,
}

@inproceedings{kingma2018glow,
  title={Glow: Generative Flow with Invertible 1x1 Convolutions},
  author={Kingma, Durk P and Dhariwal, Prafulla},
  booktitle=nips,
  volume={31},
  year={2018}
}

@article{cooke2006audio,
    title = {An Audio-Visual Corpus for Speech Perception and Automatic Speech Recognition},
    author = {Cooke, Martin and Barker, Jon and Cunningham, Stuart and Shao, Xu},
    journal = {The Journal of the Acoustical Society of America},
    volume={120},
    number={5},
    pages={2421--2424},
    year = {2006},
}


@inproceedings{prajwal2020learning,
  title={Learning Individual Speaking Styles for Accurate Lip to Speech Synthesis},
  author={Prajwal, KR and Mukhopadhyay, Rudrabha and Namboodiri, Vinay P and Jawahar, CV},
  booktitle=cvpr,
  year={2020}
}

@inproceedings{mira2022svts,
  title={SVTS: Scalable Video-to-Speech Synthesis},
  author={Mira, Rodrigo and Haliassos, Alexandros and Petridis, Stavros and Schuller, Bj{\"o}rn W and Pantic, Maja},
  booktitle=is,
  year={2022}
}

@article{jensen2016stoi,
  title={An Algorithm for Predicting the Intelligibility of Speech Masked by Modulated Noise Maskers},
  author={Jensen, Jesper and Taal, Cees H},
  journal={IEEE/ACM Transactions on Audio, Speech, and Language Processing},
  volume={24},
  number={11},
  pages={2009--2022},
  year={2016},
  publisher={IEEE}
}

@article{mira2022end,
  title={End-to-End Video-to-Speech Synthesis Using Generative Adversarial Networks},
  author={Mira, Rodrigo and Vougioukas, Konstantinos and Ma, Pingchuan and Petridis, Stavros and Schuller, Bj{\"o}rn W and Pantic, Maja},
  journal={IEEE Transactions on Cybernetics},
  year={2022},
  publisher={IEEE}
}

@article{choi2023intelligible,
  title={Intelligible Lip-to-Speech Synthesis with Speech Units},
  author={Choi, Jeongsoo and Kim, Minsu and Ro, Yong Man},
  journal={arXiv preprint arXiv:2305.19603},
  year={2023}
}

@inproceedings{gulati2020conformer,
  author={Anmol Gulati and James Qin and Chung-Cheng Chiu and Niki Parmar and Yu Zhang and Jiahui Yu and Wei Han and Shibo Wang and Zhengdong Zhang and Yonghui Wu and Ruoming Pang},
  title={Conformer: Convolution-Augmented Transformer for Speech Recognition},
  year={2020},
  booktitle=is,
}

@inproceedings{kim2021lip,
  title={Lip to Speech Synthesis with Visual Context Attentional GAN},
  author={Kim, Minsu and Hong, Joanna and Ro, Yong Man},
  booktitle=nips,
  year={2021}
}

@inproceedings{kim2023lip,
  title={Lip-to-Speech Synthesis in the Wild with Multi-Task Learning},
  author={Kim, Minsu and Hong, Joanna and Ro, Yong Man},
  booktitle=icassp,
  year={2023},
}

@inproceedings{ren2021portaspeech,
title={PortaSpeech: Portable and High-Quality Generative Text-to-Speech},
  author={Ren, Yi and Liu, Jinglin and Zhao, Zhou},
  booktitle=nips,
  year={2021}
}

@article{hsu2021hubert,
  title={HuBERT: Self-Supervised Speech Representation Learning by Masked Prediction of Hidden Units},
  author={Hsu, Wei-Ning and Bolte, Benjamin and Tsai, Yao-Hung Hubert and Lakhotia, Kushal and Salakhutdinov, Ruslan and Mohamed, Abdelrahman},
  journal=taslp,
  volume={29},
  pages={3451--3460},
  year={2021},
}

@inproceedings{devlin2018bert,
  title={BERT: Pre-training of Deep Bidirectional Transformers for Language Understanding},
  author={Kenton, Jacob Devlin Ming-Wei Chang and Toutanova, Lee Kristina},
  booktitle={Proc. NAACL},
  year={2019}
}

@article{oord2018cpc,
  title={Representation Learning with Contrastive Predictive Coding},
  author={Oord, Aaron van den and Li, Yazhe and Vinyals, Oriol},
  journal={arXiv preprint arXiv:1807.03748},
  year={2018}
}

@inproceedings{he2016deep,
  title={Deep Residual Learning for Image Recognition},
  author={He, Kaiming and Zhang, Xiangyu and Ren, Shaoqing and Sun, Jian},
  booktitle=cvpr,
  year={2016}
}
@inproceedings{zhu2017toward,
  title={Toward Multimodal Image-to-Image Translation},
  author={Zhu, Jun-Yan and Zhang, Richard and Pathak, Deepak and Darrell, Trevor and Efros, Alexei A and Wang, Oliver and Shechtman, Eli},
  booktitle=nips,
  volume={30},
  year={2017}
}

@inproceedings{vougioukas2019video, 
  title={Video-Driven Speech Reconstruction using Generative Adversarial Networks},
  author={Vougioukas, Konstantinos and Ma, Pingchuan and Petridis, Stavros and Pantic, Maja},
  booktitle=is,
  year={2019}
}

@inproceedings{ephrat2017improved,
  title={Improved Speech Reconstruction From Silent Video},
  author={Ephrat, Ariel and Halperin, Tavi and Peleg, Shmuel},
  booktitle={ICCV Workshops},
  pages={455--462},
  year={2017}
}

@inproceedings{zhou2019vision,
  title={Vision-Infused Deep Audio Inpainting},
  author={Zhou, Hang and Liu, Ziwei and Xu, Xudong and Luo, Ping and Wang, Xiaogang},
  booktitle=cvpr,
  year={2019}
}

@inproceedings{afouras2018conversation,
  author       = {Afouras, T. and Chung, J.~S. and Zisserman, A.},
  title        = {The conversation: Deep Audio-Visual Speech Enhancement},
  booktitle    = is,
  year         = {2018},
}

@inproceedings{ephrat2017vid2speech,
  title={Vid2Speech: Speech Reconstruction from Silent Video},
  author={Ephrat, Ariel and Peleg, Shmuel},
  booktitle=icassp,
  year={2017},
}

@inproceedings{kumar2019lipper,
  title={Lipper: Synthesizing Thy Speech Using Multi-View Lipreading},
  author={Kumar, Yaman and Jain, Rohit and Salik, Khwaja Mohd and Shah, Rajiv Ratn and Yin, Yifang and Zimmermann, Roger},
  booktitle=aaai,
  year={2019}
}

@inproceedings{he2022flow,
  title={Flow-Based Unconstrained Lip to Speech Generation},
  author={He, Jinzheng and Zhao, Zhou and Ren, Yi and Liu, Jinglin and Huai, Baoxing and Yuan, Nicholas},
  booktitle=aaai,
  year={2022}
}

@inproceedings{lancucki2021fastpitch,
  title={Fastpitch: Parallel Text-to-Speech with Pitch Prediction},
  author={{\L}a{\'n}cucki, Adrian},
  booktitle=icassp,
  year={2021},
}

@inproceedings{le2015reconstructing,
  title={Reconstructing Intelligible Audio Speech from Visual Speech Features.},
  author={Le Cornu, Thomas and Milner, Ben},
  booktitle=is,
  year={2015}
}

@article{le2017generating,
  title={Generating Intelligible Audio Speech from Visual Speech},
  author={Le Cornu, Thomas and Milner, Ben},
  journal=taslp,
  volume={25},
  number={9},
  pages={1751--1761},
  year={2017},
}

@inproceedings{yadav2021speech,
  title={Speech Prediction in Silent Videos Using Variational Autoencoders},
  author={Yadav, Ravindra and Sardana, Ashish and Namboodiri, Vinay P and Hegde, Rajesh M},
  booktitle=icassp,
  year={2021},
}

@inproceedings{chung2017lip,
  title={Lip Reading in the Wild},
  author={Chung, Joon Son and Zisserman, Andrew},
  booktitle=accv,
  year={2017},
}

@inproceedings{ren2020fastspeech2,
  title={FastSpeech 2: Fast and High-Quality End-to-End Text to Speech},
  author={Yi Ren and Chenxu Hu and Xu Tan and Tao Qin and Sheng Zhao and Zhou Zhao and Tie-Yan Liu},
  booktitle=iclr,
  year={2021},
}

@inproceedings{lee2022hierspeech,
  title={HierSpeech: Bridging the Gap between Text and Speech by Hierarchical Variational Inference using Self-supervised Representations for Speech Synthesis},
 author = {Lee, Sang-Hoon and Kim, Seung-Bin and Lee, Ji-Hyun and Song, Eunwoo and Hwang, Min-Jae and Lee, Seong-Whan},
 booktitle = nips,
 year = {2022}
}


@inproceedings{chang2022distilhubert,
  title={DistilHuBERT: Speech Representation Learning by Layer-Wise Distillation of Hidden-Unit BERT},
  author={Chang, Heng-Jui and Yang, Shu-wen and Lee, Hung-yi},
  booktitle=icassp,
  year={2022},
}

@inproceedings{mauch2014pyin,
  title={pYIN: A Fundamental Frequency Estimator Using Probabilistic Threshold Distributions},
  author={Mauch, Matthias and Dixon, Simon},
  booktitle=icassp,
  year={2014},
}

@inproceedings{baevski2020wav2vec,
  title={Wav2Vec 2.0: A Framework for Self-Supervised Learning of Speech Representations},
  author={Baevski, Alexei and Zhou, Yuhao and Mohamed, Abdelrahman and Auli, Michael},
  booktitle=nips,
  year={2020}
}

@inproceedings{ren2022revisiting,
  title={Revisiting Over-Smoothness in Text to Speech},
  author={Ren, Yi and Tan, Xu and Qin, Tao and Zhao, Zhou and Liu, Tie-Yan},
  booktitle={Proc. ACL},
  year={2022}
}

@inproceedings{hunt1996unit,
  title={Unit Selection in a Concatenative Speech Synthesis System Using a Large Speech Database},
  author={Hunt, Andrew J and Black, Alan W},
  booktitle=icassp,
  year={1996},
}

@inproceedings{black2007statistical,
  title={Statistical Parametric Speech Synthesis},
  author={Black, Alan W and Zen, Heiga and Tokuda, Keiichi},
  booktitle=icassp,
  year={2007},
}

@inproceedings{shen2018natural,
  title={Natural TTS Synthesis by Conditioning Wavenet on Mel Spectrogram Predictions},
  author={Shen, Jonathan and Pang, Ruoming and Weiss, Ron J and Schuster, Mike and Jaitly, Navdeep and Yang, Zongheng and Chen, Zhifeng and Zhang, Yu and Wang, Yuxuan and Skerrv-Ryan, Rj and others},
  booktitle=icassp,
  year={2018},
}

@inproceedings{vaswani2017attention,
  title={Attention is All You Need},
  author={Vaswani, Ashish and Shazeer, Noam and Parmar, Niki and Uszkoreit, Jakob and Jones, Llion and Gomez, Aidan N and Kaiser, {\L}ukasz and Polosukhin, Illia},
  booktitle=nips,
  year={2017}
}

@inproceedings{bachman2019learning,
  author = {Chen, Ting and Kornblith, Simon and Norouzi, Mohammad and Hinton, Geoffrey},
  title = {A Simple Framework for Contrastive Learning of Visual Representations},
  year = {2020},
  booktitle = icml
}

@inproceedings{baevski2021unsupervised,
  title={Unsupervised Speech Recognition},
  author={Baevski, Alexei and Hsu, Wei-Ning and Conneau, Alexis and Auli, Michael},
  booktitle=nips,
  year={2021}
}

@inproceedings{lee2021voicemixer,
  title={VoiceMixer: Adversarial Voice Style Mixup},
  author={Lee, Sang-Hoon and Kim, Ji-Hoon and Chung, Hyunseung and Lee, Seong-Whan},
  booktitle=nips,
  year={2021}
}

@article{shah2021all,
  title={What all do audio transformer models hear? Probing Acoustic Representations for Language Delivery and its Structure},
  author={Shah, Jui and Singla, Yaman Kumar and Chen, Changyou and Shah, Rajiv Ratn},
  journal={arXiv:2101.00387},
  year={2021}
}


@article{ji20123d,
  title={3D Convolutional Neural Networks for Human Action Recognition},
  author={Ji, Shuiwang and Xu, Wei and Yang, Ming and Yu, Kai},
  journal=tpami,
  volume={35},
  number={1},
  pages={221--231},
  year={2012},
}

@inproceedings{petridis2018end,
  title={End-to-End Audiovisual Speech Recognition},
  author={Petridis, Stavros and Stafylakis, Themos and Ma, Pingehuan and Cai, Feipeng and Tzimiropoulos, Georgios and Pantic, Maja},
  booktitle=icassp,
  year={2018},
}

@article{ma2022visual,
  title={Visual Speech Recognition for Multiple Languages in the Wild},
  author={Ma, Pingchuan and Petridis, Stavros and Pantic, Maja},
  journal={Nature Machine Intelligence},
  volume={4},
  number={11},
  pages={930--939},
  year={2022},
}

@inproceedings{guo2022cmt,
  title={CMT: Convolutional Neural Networks Meet Vision Transformers},
  author={Guo, Jianyuan and Han, Kai and Wu, Han and Tang, Yehui and Chen, Xinghao and Wang, Yunhe and Xu, Chang},
  booktitle=cvpr,
  year={2022}
}



@inproceedings{choi2021neural,
  title={Neural Analysis and Synthesis: Reconstructing Speech from Self-Supervised Representations},
  author={Choi, Hyeong-Seok and Lee, Juheon and Kim, Wansoo and Lee, Jie and Heo, Hoon and Lee, Kyogu},
  booktitle=nips,
  year={2021}
}

@article{griffin1984signal,
  title={Signal Estimation from Modified Short-Time Fourier Transform},
  author={Griffin, Daniel and Lim, Jae},
  journal={IEEE Transactions on acoustics, speech, and signal processing},
  volume={32},
  number={2},
  pages={236--243},  
year={1984},
}

@inproceedings{lee2021multi,
  title={Multi-SpectroGAN: High-Diversity and High-Fidelity Spectrogram Generation with Adversarial Style Combination for Speech Synthesis},
  author={Lee, Sang-Hoon and Yoon, Hyun-Wook and Noh, Hyeong-Rae and Kim, Ji-Hoon and Lee, Seong-Whan},
  booktitle=aaai,
  year={2021}
}

@inproceedings{kong2020hifi,
  title={Hifi-GAN: Generative Adversarial Networks for Efficient and High Fidelity Speech Synthesis},
  author={Kong, Jungil and Kim, Jaehyeon and Bae, Jaekyoung},
  booktitle=nips,
  year={2020}
}


@inproceedings{yamamoto2020parallel,
  title={Parallel WaveGAN: A Fast Waveform Generation Model Based on Generative Adversarial Networks with Multi-Resolution Spectrogram},
  author={Yamamoto, Ryuichi and Song, Eunwoo and Kim, Jae-Min},
  booktitle=icassp,
  year={2020}
}

@inproceedings{popov2021grad,
  title={Grad-TTS: A Diffusion Probabilistic Model for Text-to-Speech},
  author={Popov, Vadim and Vovk, Ivan and Gogoryan, Vladimir and Sadekova, Tasnima and Kudinov, Mikhail},
  booktitle=icml,
  year={2021}
}

@inproceedings{kim2022fluenttts,
  title={FluentTTS: Text-Dependent Fine-Grained Style Control for Multi-Style TTS},
  author={Kim, Changhwan and Um, Se Yun and Yoon, Hyungchan and Kang, Hong Goo},
  booktitle=is,
  year={2022}
}

@inproceedings{skerry2018towards,
  title={Towards End-to-End Prosody Transfer for Expressive Speech Synthesis with Tacotron},
  author={Skerry-Ryan, RJ and Battenberg, Eric and Xiao, Ying and Wang, Yuxuan and Stanton, Daisy and Shor, Joel and Weiss, Ron and Clark, Rob and Saurous, Rif A},
  booktitle=icml,
  year={2018},
}

@inproceedings{polyak2021speech,
  title={Speech Resynthesis from Discrete Disentangled Self-Supervised Representations},
  author={Polyak, Adam and Adi, Yossi and Copet, Jade and Kharitonov, Eugene and Lakhotia, Kushal and Hsu, Wei-Ning and Mohamed, Abdelrahman and Dupoux, Emmanuel},
  booktitle=is,
  year={2021}
}

@inproceedings{son2017lip,
  title={Lip Reading Sentences in the Wild},
  author={Chung, Joon Son and Senior, Andrew and Vinyals, Oriol and Zisserman, Andrew},
  booktitle=cvpr,
  year={2017}
}

@inproceedings{kim2022distinguishing,
  title={Distinguishing Homophenes Using Multi-Head Visual-Audio Memory for Lip Reading},
  author={Kim, Minsu and Yeo, Jeong Hun and Ro, Yong Man},
  booktitle=aaai,
  year={2022}
}

@inproceedings{yasuda2019investigation,
  title={Investigation of Enhanced Tacotron Text-to-Speech Synthesis Systems with Self-Attention for Pitch Accent Language},
  author={Yasuda, Yusuke and Wang, Xin and Takaki, Shinji and Yamagishi, Junichi},
  booktitle=icassp,
  year={2019}
}

@inproceedings{ju2022trinitts,
  title={TriniTTS: Pitch-controllable End-to-end TTS without External Aligner},
  author={Ju, Yooncheol and Kim, Ilhwan and Yang, Hongsun and Kim, Ji-Hoon and Kim, Byeongyeol and Maiti, Soumi and Watanabe, Shinji},
  booktitle=is,
  year={2022}
}


@inproceedings{bulut2007analysis,
  title={Analysis of Emotional Speech Prosody in Terms of Part of Speech Tags},
  author={Bulut, Murtaza and Lee, Sungbok and Narayanan, Shrikanth S},
  booktitle=is,
  year={2007}
}

@inproceedings{liu2022diffsinger,
  title={DiffSinger: Singing Voice Synthesis via Shallow Diffusion Mechanism},
  author={Liu, Jinglin and Li, Chengxi and Ren, Yi and Chen, Feiyang and Zhao, Zhou},
  booktitle=aaai,
  year={2022}
}

@inproceedings{prenger2019waveglow,
  title={WaveGlow: A Flow-based Generative Network for Speech Synthesis},
  author={Prenger, Ryan and Valle, Rafael and Catanzaro, Bryan},
  booktitle=icassp,
  year={2019},
}

@inproceedings{loshchilov2017decoupled,
  title={Decoupled Weight Decay Regularization},
  author={Loshchilov, Ilya and Hutter, Frank},
  booktitle=iclr,
  year={2019}
}

@inproceedings{radford2023robust,
  title={Robust Speech Recognition via Large-Scale Weak Supervision},
  author={Radford, Alec and Kim, Jong Wook and Xu, Tao and Brockman, Greg and McLeavey, Christine and Sutskever, Ilya},
  booktitle=icml,
  year={2023}
}

@inproceedings{yin2020phasen,
  title={Phasen: A Phase-and-Harmonics-Aware Speech Enhancement Network},
  author={Yin, Dacheng and Luo, Chong and Xiong, Zhiwei and Zeng, Wenjun},
  booktitle=aaai,
  year={2020}
}

@inproceedings{sun2020fully,
  title={Fully-Hierarchical Fine-grained Prosody Modeling for Interpretable Speech Synthesis},
  author={Sun, Guangzhi and Zhang, Yu and Weiss, Ron J and Cao, Yuan and Zen, Heiga and Wu, Yonghui},
  booktitle=icassp,
  year={2020}
}

@article{lakhotia2021generative,
  title={On Generative Spoken Language Modeling from Raw Audio},
  author={Lakhotia, Kushal and Kharitonov, Eugene and Hsu, Wei-Ning and Adi, Yossi and Polyak, Adam and Bolte, Benjamin and Nguyen, Tu-Anh and Copet, Jade and Baevski, Alexei and Mohamed, Abdelrahman and others},
  journal={Transactions of the Association for Computational Linguistics},
  volume={9},
  pages={1336--1354},
  year={2021}
}

@inproceedings{yang21c_interspeech,
  author={Shu-wen Yang and Po-Han Chi and Yung-Sung Chuang and Cheng-I Jeff Lai and Kushal Lakhotia and Yist Y. Lin and Andy T. Liu and Jiatong Shi and Xuankai Chang and Guan-Ting Lin and Tzu-Hsien Huang and Wei-Cheng Tseng and Ko-tik Lee and Da-Rong Liu and Zili Huang and Shuyan Dong and Shang-Wen Li and Shinji Watanabe and Abdelrahman Mohamed and Hung-yi Lee},
  title={SUPERB: Speech Processing Universal Performance Benchmark},
  year=2021,
  booktitle=is
}


@article{2012nearest,
author={Rukundo,Olivier and Cao,Hanqiang},
year={2012},
title={Nearest Neighbor Value Interpolation},
journal={International Journal of Advanced Computer Science and Applications},
volume={3},
number={4},
}

@inproceedings{fan2020exploring,
  title={{Exploring Wav2Vec 2.0 on Speaker Verification and Language Identification}},
  author={Fan, Zhiyun and Li, Meng and Zhou, Shiyu and Xu, Bo},
  booktitle=is,
  year={2021}
}

@inproceedings{zhang2022mixed,
  title={Mixed-Phoneme BERT: Improving BERT with Mixed Phoneme and Sup-Phoneme Representations for Text to Speech},
  author={Zhang, Guangyan and Song, Kaitao and Tan, Xu and Tan, Daxin and Yan, Yuzi and Liu, Yanqing and Wang, Gang and Zhou, Wei and Qin, Tao and Lee, Tan and others},
  booktitle=is,
  year={2022}
}

@article{oord2016wavenet,
  title={WaveNet: A Generative Model for Raw Audio},
  author={Oord, Aaron van den and Dieleman, Sander and Zen, Heiga and Simonyan, Karen and Vinyals, Oriol and Graves, Alex and Kalchbrenner, Nal and Senior, Andrew and Kavukcuoglu, Koray},
  journal={arXiv:1609.03499},
  year={2016}
}

@inproceedings{elias2021parallel,
  title={Parallel Tacotron: Non-Autoregressive and Controllable TTS},
  author={Elias, Isaac and Zen, Heiga and Shen, Jonathan and Zhang, Yu and Jia, Ye and Weiss, Ron J and Wu, Yonghui},
  booktitle=icassp,
  year={2021}
}

@inproceedings{lee2022varianceflow,
  title={Varianceflow: High-Quality and Controllable Text-to-Speech using Variance Information via Normalizing Flow},
  author={Lee, Yoonhyung and Yang, Jinhyeok and Jung, Kyomin},
  booktitle=icassp,
  year={2022}
}

@article{calvert1997activation,
  title={Activation of Auditory Cortex during Silent Lipreading},
  author={Calvert, Gemma A and Bullmore, Edward T and Brammer, Michael J and Campbell, Ruth and Williams, Steven CR and McGuire, Philip K and Woodruff, Peter WR and Iversen, Susan D and David, Anthony S},
  journal={science},
  volume={276},
  number={5312},
  pages={593--596},
  year={1997}
}

@article{nancy1992preparing,
  title={Preparing for Communication Interactions: The Value of Anticipatory Strategies for Adults with Hearing Impairment},
  author={Nancy},
  journal={Journal of Speech, Language, and Hearing Research},
  volume={35},
  number={2},
  pages={430--435},
  year={1992}
}

@inproceedings{chung2017lip,
  title={Lip reading in profile},
  author={Chung, Joon Son and Zisserman, Andrew},
  booktitle=bmvc,
  year={2017}
}

@inproceedings{kim2021conditional,
  title={Conditional Variational Autoencoder with Adversarial Learning for End-to-end Text-to-speech},
  author={Kim, Jaehyeon and Kong, Jungil and Son, Juhee},
  booktitle=icml,
  year={2021}
}

@article{sisman2020overview,
  title={An Overview of Voice Conversion and Its Challenges: From Statistical Modeling to Deep Learning},
  author={Sisman, Berrak and Yamagishi, Junichi and King, Simon and Li, Haizhou},
  journal=taslp,
  volume={29},
  pages={132--157},
  year={2020}
}

@inproceedings{maiti2023speechlmscore,
  title={SpeechLMScore: Evaluating Speech Generation using Speech Language Model},
  author={Maiti, Soumi and Peng, Yifan and Saeki, Takaaki and Watanabe, Shinji},
  booktitle=icassp,
  year={2023}
}

@inproceedings{lin2021completer,
  title={Completer: Incomplete Multi-view Clustering via Contrastive Prediction},
  author={Lin, Yijie and Gou, Yuanbiao and Liu, Zitao and Li, Boyun and Lv, Jiancheng and Peng, Xi},
  booktitle=cvpr,
  year={2021}
}