@article{Holyer81a,
  author       = {Ian Holyer},
  title        = {The NP-Completeness of Edge-Coloring},
  journal      = {{SIAM} J. Comput.},
  volume       = {10},
  number       = {4},
  pages        = {718--720},
  year         = {1981},
  url          = {https://doi.org/10.1137/0210055},
  doi          = {10.1137/0210055},
  timestamp    = {Wed, 14 Nov 2018 10:45:07 +0100},
  biburl       = {https://dblp.org/rec/journals/siamcomp/Holyer81a.bib},
  bibsource    = {dblp computer science bibliography, https://dblp.org}
}
@phdthesis{Schmidt2010d,
  author       = {Tatjana Schmidt},
  title        = {Computational complexity of SAT, {XSAT} and {NAE-SAT} for linear and
                  mixed Horn {CNF} formulas},
  school       = {University of Cologne},
  year         = {2010},
  url          = {http://kups.ub.uni-koeln.de/volltexte/2010/3129/index.html},
  urn          = {urn:nbn:de:hbz:38-31293},
  timestamp    = {Sat, 17 Jul 2021 09:07:38 +0200},
  biburl       = {https://dblp.org/rec/phd/de/Schmidt2010d.bib},
  bibsource    = {dblp computer science bibliography, https://dblp.org}
}
@article{PorschenSSW14,
  author       = {Stefan Porschen and
                  Tatjana Schmidt and
                  Ewald Speckenmeyer and
                  Andreas Wotzlaw},
  title        = {{XSAT} and {NAE-SAT} of linear {CNF} classes},
  journal      = {Discret. Appl. Math.},
  volume       = {167},
  pages        = {1--14},
  year         = {2014},
  url          = {https://doi.org/10.1016/j.dam.2013.10.030},
  doi          = {10.1016/j.dam.2013.10.030},
  timestamp    = {Thu, 11 Feb 2021 23:25:36 +0100},
  biburl       = {https://dblp.org/rec/journals/dam/PorschenSSW14.bib},
  bibsource    = {dblp computer science bibliography, https://dblp.org}
}
a service of  Schloss Dagstuhl - Leibniz Center for Informatics	homebrowsesearchaboutnfdi

@inproceedings{HarksHKMS22,
  author       = {Tobias Harks and
                  Mona Henle and
                  Max Klimm and
                  Jannik Matuschke and
                  Anja Schedel},
  title        = {Multi-Leader Congestion Games with an Adversary},
  booktitle    = {Proc. of the 36th {AAAI} Conference on Artificial Intelligence},
  pages        = {5068--5075},
  year         = {2022},
  url          = {https://ojs.aaai.org/index.php/AAAI/article/view/20439},
  timestamp    = {Mon, 11 Jul 2022 16:09:32 +0200},
  biburl       = {https://dblp.org/rec/conf/aaai/HarksHKMS22.bib},
  bibsource    = {dblp computer science bibliography, https://dblp.org}
}
@inproceedings{EibenGHK23,
  author       = {Eduard Eiben and
                  Robert Ganian and
                  Thekla Hamm and
                  Viktoriia Korchemna},
  title        = {A Structural Complexity Analysis of Synchronous Dynamical Systems},
  booktitle    = {Proc. of the 37th {AAAI} Conference on Artificial Intelligence},
  pages        = {6313--6321},
  year         = {2023},
  url          = {https://ojs.aaai.org/index.php/AAAI/article/view/25777},
  timestamp    = {Sun, 30 Jul 2023 19:22:30 +0200},
  biburl       = {https://dblp.org/rec/conf/aaai/EibenGHK23.bib},
  bibsource    = {dblp computer science bibliography, https://dblp.org}
}
@inproceedings{DeligkasEGHO22,
  author       = {Argyrios Deligkas and
                  Eduard Eiben and
                  Robert Ganian and
                  Thekla Hamm and
                  Sebastian Ordyniak},
  title        = {The Complexity of Envy-Free Graph Cutting},
  booktitle    = {Proc. of the Thirty-First International Joint Conference on
                  Artificial Intelligence, {IJCAI} 2022},
  pages        = {237--243},
  publisher    = {ijcai.org},
  year         = {2022},
  url          = {https://doi.org/10.24963/ijcai.2022/34},
  doi          = {10.24963/ijcai.2022/34},
  timestamp    = {Wed, 27 Jul 2022 16:43:00 +0200},
  biburl       = {https://dblp.org/rec/conf/ijcai/DeligkasEGHO22.bib},
  bibsource    = {dblp computer science bibliography, https://dblp.org}
}
a service of  Schloss Dagstuhl - Leibniz Center for Informatics	homebrowsesearchaboutnfdi

@inproceedings{BlazejGKPSS23,
  author       = {V{\'{a}}clav Blazej and
                  Robert Ganian and
                  Dusan Knop and
                  Jan Pokorn{\'{y}} and
                  Simon Schierreich and
                  Kirill Simonov},
  title        = {The Parameterized Complexity of Network Microaggregation},
  booktitle    = {Proc. of the 37th {AAAI} Conference on Artificial Intelligence},
  pages        = {6262--6270},
  year         = {2023},
  url          = {https://ojs.aaai.org/index.php/AAAI/article/view/25771},
  timestamp    = {Sun, 30 Jul 2023 19:22:30 +0200},
  biburl       = {https://dblp.org/rec/conf/aaai/BlazejGKPSS23.bib},
  bibsource    = {dblp computer science bibliography, https://dblp.org}
}
a service of  Schloss Dagstuhl - Leibniz Center for Informatics	homebrowsesearchaboutnfdi

@inproceedings{EibenGKO19,
  author       = {Eduard Eiben and
                  Robert Ganian and
                  Dusan Knop and
                  Sebastian Ordyniak},
  title        = {Solving Integer Quadratic Programming via Explicit and Structural
                  Restrictions},
  booktitle    = {Proc. of the 33rd {AAAI} Conference on Artificial Intelligence},
  pages        = {1477--1484},
  year         = {2019},
  url          = {https://doi.org/10.1609/aaai.v33i01.33011477},
  doi          = {10.1609/aaai.v33i01.33011477},
  timestamp    = {Sat, 09 Apr 2022 12:36:59 +0200},
  biburl       = {https://dblp.org/rec/conf/aaai/EibenGKO19.bib},
  bibsource    = {dblp computer science bibliography, https://dblp.org}
}
@inproceedings{GanianK22,
  author       = {Robert Ganian and
                  Viktoriia Korchemna},
  title        = {Slim Tree-Cut Width},
  booktitle    = {17th International Symposium on Parameterized and Exact Computation,
                  {IPEC} 2022},
  series       = {LIPIcs},
  volume       = {249},
  pages        = {15:1--15:18},
  publisher    = {Schloss Dagstuhl - Leibniz-Zentrum f{\"{u}}r Informatik},
  year         = {2022},
  url          = {https://doi.org/10.4230/LIPIcs.IPEC.2022.15},
  doi          = {10.4230/LIPIcs.IPEC.2022.15},
  timestamp    = {Wed, 14 Dec 2022 17:09:47 +0100},
  biburl       = {https://dblp.org/rec/conf/iwpec/GanianK22.bib},
  bibsource    = {dblp computer science bibliography, https://dblp.org}
}
a service of  Schloss Dagstuhl - Leibniz Center for Informatics	homebrowsesearchaboutnfdi

@inproceedings{GanianK21,
  author       = {Robert Ganian and
                  Viktoriia Korchemna},
  title        = {The Complexity of Bayesian Network Learning: Revisiting the Superstructure},
  booktitle    = {Advances in Neural Information Processing Systems 34: Annual Conference
                  on Neural Information Processing Systems 2021, NeurIPS 2021},
  pages        = {430--442},
  year         = {2021},
  url          = {https://proceedings.neurips.cc/paper/2021/hash/040a99f23e8960763e680041c601acab-Abstract.html},
  timestamp    = {Tue, 03 May 2022 16:20:46 +0200},
  biburl       = {https://dblp.org/rec/conf/nips/GanianK21.bib},
  bibsource    = {dblp computer science bibliography, https://dblp.org}
}
@inproceedings{GanianOS17,
  author       = {Robert Ganian and
                  Sebastian Ordyniak and
                  Ramanujan Sridharan},
  title        = {On Structural Parameterizations of the Edge Disjoint Paths Problem},
  booktitle    = {28th International Symposium on Algorithms and Computation, {ISAAC}
                  2017},
  series       = {LIPIcs},
  volume       = {92},
  pages        = {36:1--36:13},
  publisher    = {Schloss Dagstuhl - Leibniz-Zentrum f{\"{u}}r Informatik},
  year         = {2017},
  url          = {https://doi.org/10.4230/LIPIcs.ISAAC.2017.36},
  doi          = {10.4230/LIPIcs.ISAAC.2017.36},
  timestamp    = {Sat, 09 Apr 2022 12:43:33 +0200},
  biburl       = {https://dblp.org/rec/conf/isaac/GanianOS17.bib},
  bibsource    = {dblp computer science bibliography, https://dblp.org}
}
a service of  Schloss Dagstuhl - Leibniz Center for Informatics	homebrowsesearchaboutnfdi

@article{GanianO21,
  author       = {Robert Ganian and
                  Sebastian Ordyniak},
  title        = {The Power of Cut-Based Parameters for Computing Edge-Disjoint Paths},
  journal      = {Algorithmica},
  volume       = {83},
  number       = {2},
  pages        = {726--752},
  year         = {2021},
  url          = {https://doi.org/10.1007/s00453-020-00772-w},
  doi          = {10.1007/s00453-020-00772-w},
  timestamp    = {Sat, 09 Apr 2022 12:32:21 +0200},
  biburl       = {https://dblp.org/rec/journals/algorithmica/GanianO21.bib},
  bibsource    = {dblp computer science bibliography, https://dblp.org}
}
@inproceedings{MarchesiC019,
  author       = {Alberto Marchesi and
                  Matteo Castiglioni and
                  Nicola Gatti},
  title        = {Leadership in Congestion Games: Multiple User Classes and Non-Singleton
                  Actions},
  booktitle    = {Proc. of the 28th International Joint Conference on
                  Artificial Intelligence},
  pages        = {485--491},
  year         = {2019},
  url          = {https://doi.org/10.24963/ijcai.2019/69},
  doi          = {10.24963/ijcai.2019/69},
  timestamp    = {Tue, 20 Aug 2019 16:18:18 +0200},
  biburl       = {https://dblp.org/rec/conf/ijcai/MarchesiC019.bib},
  bibsource    = {dblp computer science bibliography, https://dblp.org}
}
@inproceedings{MeirTBK12,
  author       = {Reshef Meir and
                  Moshe Tennenholtz and
                  Yoram Bachrach and
                  Peter B. Key},
  title        = {Congestion Games with Agent Failures},
  booktitle    = {Proc. of the 26th {AAAI} Conference on Artificial Intelligence},
  year         = {2012},
  url          = {http://www.aaai.org/ocs/index.php/AAAI/AAAI12/paper/view/4987},
  timestamp    = {Thu, 18 Feb 2021 14:57:40 +0100},
  biburl       = {https://dblp.org/rec/conf/aaai/MeirTBK12.bib},
  bibsource    = {dblp computer science bibliography, https://dblp.org}
}

@inproceedings{AshlagiMT07,
  author       = {Itai Ashlagi and
                  Dov Monderer and
                  Moshe Tennenholtz},
  title        = {Learning Equilibrium in Resource Selection Games},
  booktitle    = {Proc. of the 22nd {AAAI} Conference on Artificial Intelligence},
  pages        = {18--23},
  year         = {2007},
  url          = {http://www.aaai.org/Library/AAAI/2007/aaai07-003.php},
  timestamp    = {Wed, 10 Feb 2021 08:44:35 +0100},
  biburl       = {https://dblp.org/rec/conf/aaai/AshlagiMT07.bib},
  bibsource    = {dblp computer science bibliography, https://dblp.org}
}

@inproceedings{CominettiS0M19,
  author       = {Roberto Cominetti and
                  Marco Scarsini and
                  Marc Schr{\"{o}}der and
                  Nicol{\'{a}}s E. Stier Moses},
  title        = {Price of Anarchy in Stochastic Atomic Congestion Games with Affine
                  Costs},
  booktitle    = {Proc. of the 2019 {ACM} Conference on Economics and Computation},
  pages        = {579--580},
  year         = {2019},
  url          = {https://doi.org/10.1145/3328526.3329579},
  doi          = {10.1145/3328526.3329579},
  timestamp    = {Mon, 26 Jun 2023 20:49:03 +0200},
  biburl       = {https://dblp.org/rec/conf/ec/CominettiS0M19.bib},
  bibsource    = {dblp computer science bibliography, https://dblp.org}
}
@article{Rosenthal73,
	author = {Rosenthal, Robert W.},
	year = {1973},
	title={A class of games possessing pure-strategy Nash equilibria},
	journal={International J. of Game Theory},
	doi={10.1007/BF01737559}
}
@INPROCEEDINGS{AnshelevichDKTWR04,
  author={Anshelevich, E. and Dasgupta, A. and Kleinberg, J. and Tardos, E. and Wexler, T. and Roughgarden, T.},
  booktitle={45th Annual IEEE Symposium on Foundations of Computer Science}, 
  title={The price of stability for network design with fair cost allocation}, 
  year={2004},
  volume={},
  number={},
  pages={295-304},
  doi={10.1109/FOCS.2004.68}}
@ARTICLE{KunniyurS03,
  author={Kunniyur, S. and Srikant, R.},
  journal={IEEE/ACM Trans. on Networking}, 
  title={End-to-end congestion control schemes: utility functions, random losses and ECN marks}, 
  year={2003},
  volume={11},
  number={5},
  pages={689-702},
  doi={10.1109/TNET.2003.818183}
}
@inproceedings{FabrikantPT04,
  author       = {Alex Fabrikant and
                  Christos H. Papadimitriou and
                  Kunal Talwar},
  title        = {The complexity of pure Nash equilibria},
  booktitle    = {Proc. of the 36th Annual {ACM} Symposium on Theory of Computing},
  pages        = {604--612},
  year         = {2004},
  url          = {https://doi.org/10.1145/1007352.1007445},
  doi          = {10.1145/1007352.1007445},
  timestamp    = {Tue, 06 Nov 2018 11:07:04 +0100},
  biburl       = {https://dblp.org/rec/conf/stoc/FabrikantPT04.bib},
  bibsource    = {dblp computer science bibliography, https://dblp.org}
}

@inproceedings{AckermannRV06,
  author       = {Heiner Ackermann and
                  Heiko R{\"{o}}glin and
                  Berthold V{\"{o}}cking},
  title        = {On the Impact of Combinatorial Structure on Congestion Games},
  booktitle    = {47th Annual {IEEE} Symposium on Foundations of Computer Science {(FOCS}
                  2006)},
  pages        = {613--622},
  publisher    = {{IEEE} Computer Society},
  year         = {2006},
  url          = {https://doi.org/10.1109/FOCS.2006.55},
  doi          = {10.1109/FOCS.2006.55},
  timestamp    = {Thu, 23 Mar 2023 23:57:54 +0100},
  biburl       = {https://dblp.org/rec/conf/focs/AckermannRV06.bib},
  bibsource    = {dblp computer science bibliography, https://dblp.org}
}
@inproceedings{AwerbuchAE05,
  author       = {Baruch Awerbuch and
                  Yossi Azar and
                  Amir Epstein},
  title        = {The Price of Routing Unsplittable Flow},
  booktitle    = {Proc. of the 37th Annual {ACM} Symposium on Theory of Computing},
  pages        = {57--66},
  year         = {2005},
  url          = {https://doi.org/10.1145/1060590.1060599},
  doi          = {10.1145/1060590.1060599},
  timestamp    = {Mon, 12 Jun 2023 09:55:48 +0200},
  biburl       = {https://dblp.org/rec/conf/stoc/AwerbuchAE05.bib},
  bibsource    = {dblp computer science bibliography, https://dblp.org}
}
@book{DowneyF13,
  author       = {Rodney G. Downey and
                  Michael R. Fellows},
  title        = {Fundamentals of Parameterized Complexity},
  series       = {Texts in Computer Science},
  publisher    = {Springer},
  year         = {2013},
  url          = {https://doi.org/10.1007/978-1-4471-5559-1},
  doi          = {10.1007/978-1-4471-5559-1},
  timestamp    = {Tue, 16 May 2017 14:24:38 +0200},
  biburl       = {https://dblp.org/rec/series/txcs/DowneyF13.bib},
  bibsource    = {dblp computer science bibliography, https://dblp.org}
}
@book{DowneyF99,
  author       = {Rodney G. Downey and
                  Michael R. Fellows},
  title        = {Parameterized Complexity},
  series       = {Monographs in Computer Science},
  publisher    = {Springer},
  year         = {1999},
  url          = {https://doi.org/10.1007/978-1-4612-0515-9},
  doi          = {10.1007/978-1-4612-0515-9},
  timestamp    = {Fri, 17 Jul 2020 16:12:37 +0200},
  biburl       = {https://dblp.org/rec/series/mcs/DowneyF99.bib},
  bibsource    = {dblp computer science bibliography, https://dblp.org}
}

@inproceedings{ChristodoulouK05,
  author       = {George Christodoulou and
                  Elias Koutsoupias},
  title        = {The price of anarchy of finite congestion games},
  booktitle    = {Proc. of the 37th Annual {ACM} Symposium on Theory of Computing},
  pages        = {67--73},
  year         = {2005},
  url          = {https://doi.org/10.1145/1060590.1060600},
  doi          = {10.1145/1060590.1060600},
  timestamp    = {Sun, 02 Oct 2022 16:16:11 +0200},
  biburl       = {https://dblp.org/rec/conf/stoc/ChristodoulouK05.bib},
  bibsource    = {dblp computer science bibliography, https://dblp.org}
}
@inproceedings{KlimmW20,
  author       = {Max Klimm and
                  Philipp Warode},
  title        = {Complexity and Parametric Computation of Equilibria in Atomic Splittable
                  Congestion Games via Weighted Block Laplacians},
  booktitle    = {Proc. of the 2020 {ACM-SIAM} Symposium on Discrete Algorithms,
                  {SODA} 2020},
  pages        = {2728--2747},
  year         = {2020},
  url          = {https://doi.org/10.1137/1.9781611975994.166},
  doi          = {10.1137/1.9781611975994.166},
  timestamp    = {Thu, 15 Jul 2021 13:49:02 +0200},
  biburl       = {https://dblp.org/rec/conf/soda/KlimmW20.bib},
  bibsource    = {dblp computer science bibliography, https://dblp.org}
}
@ARTICLE{SeymourT93,
  author={Seymour, P. D. and Thomas, R.},
  journal={Journal of Combinatorial Theory, Series B}, 
  title={Graph Searching and a Min-Max Theorem for Tree-Width}, 
  year={1993},
  volume={58},
  number={1},
  pages={22--33},
  url = {https://doi.org/10.1006/jctb.1993.1027},
  doi={10.1006/jctb.1993.1027}
}

@inproceedings{BoehmerE20b,
  author       = {Niclas Boehmer and
                  Edith Elkind},
  title        = {Stable Roommate Problem with Diversity Preferences},
  booktitle    = {Proc. of the 29th International Joint Conference on
                  Artificial Intelligence},
  pages        = {96--102},
  year         = {2020},
  url          = {https://doi.org/10.24963/ijcai.2020/14},
  doi          = {10.24963/ijcai.2020/14},
  timestamp    = {Mon, 20 Jul 2020 12:38:52 +0200},
  biburl       = {https://dblp.org/rec/conf/ijcai/BoehmerE20.bib},
  bibsource    = {dblp computer science bibliography, https://dblp.org}
}

@inproceedings{BoehmerE20,
  author       = {Niclas Boehmer and
                  Edith Elkind},
  title        = {Individual-Based Stability in Hedonic Diversity Games},
  booktitle    = {Proc. of the 34th {AAAI} Conference on Artificial Intelligence},
  pages        = {1822--1829},
  year         = {2020},
  url          = {https://ojs.aaai.org/index.php/AAAI/article/view/5549},
  timestamp    = {Mon, 07 Mar 2022 16:57:54 +0100},
  biburl       = {https://dblp.org/rec/conf/aaai/BoehmerE20.bib},
  bibsource    = {dblp computer science bibliography, https://dblp.org}
}

@inproceedings{GanianHKSS22,
  author       = {Robert Ganian and
                  Thekla Hamm and
                  Dusan Knop and
                  Simon Schierreich and
                  Ondrej Such{\'{y}}},
  title        = {Hedonic Diversity Games: {A} Complexity Picture with More than Two
                  Colors},
  booktitle    = {Proc. of the 36th {AAAI} Conference on Artificial Intelligence},
  pages        = {5034--5042},
  year         = {2022},
  url          = {https://ojs.aaai.org/index.php/AAAI/article/view/20435},
  timestamp    = {Mon, 11 Jul 2022 16:09:32 +0200},
  biburl       = {https://dblp.org/rec/conf/aaai/GanianHKSS22.bib},
  bibsource    = {dblp computer science bibliography, https://dblp.org}
}

@article{DvorakEGKO21,
  author       = {Pavel Dvor{\'{a}}k and
                  Eduard Eiben and
                  Robert Ganian and
                  Dusan Knop and
                  Sebastian Ordyniak},
  title        = {The complexity landscape of decompositional parameters for {ILP:}
                  Programs with few global variables and constraints},
  journal      = {Artif. Intell.},
  volume       = {300},
  pages        = {103561},
  year         = {2021},
  url          = {https://doi.org/10.1016/j.artint.2021.103561},
  doi          = {10.1016/j.artint.2021.103561},
  timestamp    = {Sat, 25 Dec 2021 15:52:24 +0100},
  biburl       = {https://dblp.org/rec/journals/ai/DvorakEGKO21.bib},
  bibsource    = {dblp computer science bibliography, https://dblp.org}
}

@article{GanianO18,
  author       = {Robert Ganian and
                  Sebastian Ordyniak},
  title        = {The complexity landscape of decompositional parameters for {ILP}},
  journal      = {Artif. Intell.},
  volume       = {257},
  pages        = {61--71},
  year         = {2018},
  url          = {https://doi.org/10.1016/j.artint.2017.12.006},
  doi          = {10.1016/j.artint.2017.12.006},
  timestamp    = {Sat, 09 Apr 2022 12:32:53 +0200},
  biburl       = {https://dblp.org/rec/journals/ai/GanianO18.bib},
  bibsource    = {dblp computer science bibliography, https://dblp.org}
}

@article{ChanCKKP22,
  author       = {Timothy F. N. Chan and
                  Jacob W. Cooper and
                  Martin Kouteck{\'{y}} and
                  Daniel Kr{\'{a}}l and
                  Krist{\'{y}}na Pek{\'{a}}rkov{\'{a}}},
  title        = {Matrices of Optimal Tree-Depth and a Row-Invariant Parameterized Algorithm
                  for Integer Programming},
  journal      = {{SIAM} J. Comput.},
  volume       = {51},
  number       = {3},
  pages        = {664--700},
  year         = {2022},
  url          = {https://doi.org/10.1137/20m1353502},
  doi          = {10.1137/20m1353502},
  timestamp    = {Tue, 21 Mar 2023 21:13:48 +0100},
  biburl       = {https://dblp.org/rec/journals/siamcomp/ChanCKKP22.bib},
  bibsource    = {dblp computer science bibliography, https://dblp.org}
}

@inproceedings{GanianHKOS22,
  author       = {Robert Ganian and
                  Thekla Hamm and
                  Viktoriia Korchemna and
                  Karolina Okrasa and
                  Kirill Simonov},
  title        = {The Complexity of k-Means Clustering when Little is Known},
  booktitle    = {International Conference on Machine Learning, {ICML} 2022},
  series       = {Proc. of Machine Learning Research},
  volume       = {162},
  pages        = {6960--6987},
  year         = {2022},
  url          = {https://proceedings.mlr.press/v162/ganian22a.html},
  timestamp    = {Tue, 12 Jul 2022 17:36:52 +0200},
  biburl       = {https://dblp.org/rec/conf/icml/GanianHKOS22.bib},
  bibsource    = {dblp computer science bibliography, https://dblp.org}
}

@article{KoanaFN23,
  author       = {Tomohiro Koana and
                  Vincent Froese and
                  Rolf Niedermeier},
  title        = {The complexity of binary matrix completion under diameter constraints},
  journal      = {J. Comput. Syst. Sci.},
  volume       = {132},
  pages        = {45--67},
  year         = {2023},
  url          = {https://doi.org/10.1016/j.jcss.2022.10.001},
  doi          = {10.1016/j.jcss.2022.10.001},
  timestamp    = {Sun, 25 Dec 2022 14:03:41 +0100},
  biburl       = {https://dblp.org/rec/journals/jcss/KoanaFN23.bib},
  bibsource    = {dblp computer science bibliography, https://dblp.org}
}

@inproceedings{DahiyaFPS21,
  author       = {Yogesh Dahiya and
                  Fedor V. Fomin and
                  Fahad Panolan and
                  Kirill Simonov},
  title        = {Fixed-Parameter and Approximation Algorithms for {PCA} with Outliers},
  booktitle    = {Proc. of the 38th International Conference on Machine Learning,
                  {ICML} 2021},
  series       = {Proc. of Machine Learning Research},
  volume       = {139},
  pages        = {2341--2351},
  year         = {2021},
  url          = {http://proceedings.mlr.press/v139/dahiya21b.html},
  timestamp    = {Wed, 25 Aug 2021 17:11:17 +0200},
  biburl       = {https://dblp.org/rec/conf/icml/DahiyaFPS21.bib},
  bibsource    = {dblp computer science bibliography, https://dblp.org}
}

@inproceedings{GanianKOS18,
  author       = {Robert Ganian and
                  Iyad A. Kanj and
                  Sebastian Ordyniak and
                  Stefan Szeider},
  title        = {Parameterized Algorithms for the Matrix Completion Problem},
  booktitle    = {Proc. of the 35th International Conference on Machine Learning,
                  {ICML} 2018},
  series       = {Proc. of Machine Learning Research},
  volume       = {80},
  pages        = {1642--1651},
  year         = {2018},
  url          = {http://proceedings.mlr.press/v80/ganian18a.html},
  timestamp    = {Sat, 09 Apr 2022 12:46:07 +0200},
  biburl       = {https://dblp.org/rec/conf/icml/GanianKOS18.bib},
  bibsource    = {dblp computer science bibliography, https://dblp.org}
}

@article{OrdyniakS13,
  author       = {Sebastian Ordyniak and
                  Stefan Szeider},
  title        = {Parameterized Complexity Results for Exact Bayesian Network Structure
                  Learning},
  journal      = {J. Artif. Intell. Res.},
  volume       = {46},
  pages        = {263--302},
  year         = {2013},
  url          = {https://doi.org/10.1613/jair.3744},
  doi          = {10.1613/jair.3744},
  timestamp    = {Sat, 09 Apr 2022 12:33:10 +0200},
  biburl       = {https://dblp.org/rec/journals/jair/OrdyniakS13.bib},
  bibsource    = {dblp computer science bibliography, https://dblp.org}
}

@article{GruttemeierK22,
  author       = {Niels Gr{\"{u}}ttemeier and
                  Christian Komusiewicz},
  title        = {Learning Bayesian Networks Under Sparsity Constraints: {A} Parameterized
                  Complexity Analysis},
  journal      = {J. Artif. Intell. Res.},
  volume       = {74},
  pages        = {1225--1267},
  year         = {2022},
  url          = {https://doi.org/10.1613/jair.1.13138},
  doi          = {10.1613/jair.1.13138},
  timestamp    = {Thu, 25 Aug 2022 08:37:11 +0200},
  biburl       = {https://dblp.org/rec/journals/jair/GruttemeierK22.bib},
  bibsource    = {dblp computer science bibliography, https://dblp.org}
}

@inproceedings{GruttemeierKM21,
  author       = {Niels Gr{\"{u}}ttemeier and
                  Christian Komusiewicz and
                  Nils Morawietz},
  title        = {On the Parameterized Complexity of Polytree Learning},
  booktitle    = {Proc. of the 30th International Joint Conference on Artificial
                  Intelligence},
  pages        = {4221--4227},
  year         = {2021},
  url          = {https://doi.org/10.24963/ijcai.2021/580},
  doi          = {10.24963/ijcai.2021/580},
  timestamp    = {Wed, 25 Aug 2021 17:11:16 +0200},
  biburl       = {https://dblp.org/rec/conf/ijcai/GruttemeierKM21.bib},
  bibsource    = {dblp computer science bibliography, https://dblp.org}
}

@book{CyganFKLMPPS15,
  author       = {Marek Cygan and
                  Fedor V. Fomin and
                  Lukasz Kowalik and
                  Daniel Lokshtanov and
                  D{\'{a}}niel Marx and
                  Marcin Pilipczuk and
                  Michal Pilipczuk and
                  Saket Saurabh},
  title        = {Parameterized Algorithms},
  publisher    = {Springer},
  year         = {2015},
  url          = {https://doi.org/10.1007/978-3-319-21275-3},
  doi          = {10.1007/978-3-319-21275-3},
  timestamp    = {Sun, 25 Oct 2020 22:32:21 +0100},
  biburl       = {https://dblp.org/rec/books/sp/CyganFKLMPPS15.bib},
  bibsource    = {dblp computer science bibliography, https://dblp.org}
}

@article{JohnsonRST01,
  author       = {Thor Johnson and
                  Neil Robertson and
                  Paul D. Seymour and
                  Robin Thomas},
  title        = {Directed Tree-Width},
  journal      = {J. Comb. Theory, Ser. {B}},
  volume       = {82},
  number       = {1},
  pages        = {138--154},
  year         = {2001},
  url          = {https://doi.org/10.1006/jctb.2000.2031},
  doi          = {10.1006/jctb.2000.2031},
  timestamp    = {Fri, 27 Aug 2021 14:49:51 +0200},
  biburl       = {https://dblp.org/rec/journals/jct/JohnsonRST01.bib},
  bibsource    = {dblp computer science bibliography, https://dblp.org}
}

@article{BerwangerDHKO12,
  author       = {Dietmar Berwanger and
                  Anuj Dawar and
                  Paul Hunter and
                  Stephan Kreutzer and
                  Jan Obdrz{\'{a}}lek},
  title        = {The dag-width of directed graphs},
  journal      = {J. Comb. Theory, Ser. {B}},
  volume       = {102},
  number       = {4},
  pages        = {900--923},
  year         = {2012},
  url          = {https://doi.org/10.1016/j.jctb.2012.04.004},
  doi          = {10.1016/j.jctb.2012.04.004},
  timestamp    = {Tue, 16 Feb 2021 14:06:25 +0100},
  biburl       = {https://dblp.org/rec/journals/jct/BerwangerDHKO12.bib},
  bibsource    = {dblp computer science bibliography, https://dblp.org}
}

@article{RobertsonS86,
  author       = {Neil Robertson and
                  Paul D. Seymour},
  title        = {Graph Minors. {II.} Algorithmic Aspects of Tree-Width},
  journal      = {J. Algorithms},
  volume       = {7},
  number       = {3},
  pages        = {309--322},
  year         = {1986},
  url          = {https://doi.org/10.1016/0196-6774(86)90023-4},
  doi          = {10.1016/0196-6774(86)90023-4},
  timestamp    = {Fri, 27 Aug 2021 14:49:51 +0200},
  biburl       = {https://dblp.org/rec/journals/jal/RobertsonS86.bib},
  bibsource    = {dblp computer science bibliography, https://dblp.org}
}

@article{Wollan15,
  author       = {Paul Wollan},
  title        = {The structure of graphs not admitting a fixed immersion},
  journal      = {J. Comb. Theory, Ser. {B}},
  volume       = {110},
  pages        = {47--66},
  year         = {2015},
  url          = {https://doi.org/10.1016/j.jctb.2014.07.003},
  doi          = {10.1016/j.jctb.2014.07.003}
}

@article{MarxWollan14,
  author       = {Paul Wollan and D\'{a}niel Marx},
  title        = {Immersions in Highly Edge Connected Graphs},
  journal      = {{SIAM} J. Discrete Math.},
  volume       = {28},
  number 	   = {1},
  pages        = {503--520},
  year         = {2014},
  url          = {https://doi.org/10.1137/130924056},
  doi          = {10.1137/130924056}
}

@article{KimOPST18,
  author       = {Eun Jung Kim and Sang-il Oum and Christophe Paul and Ignasi Sau and Dimitrios M. Thilikos},
  title        = {An {FPT} 2-Approximation for Tree-Cut Decomposition},
  journal      = {Algorithmica},
  volume       = {80},
  number 	   = {1},
  pages        = {116--135},
  year         = {2018},
  url          = {https://doi.org/10.1007/s00453-016-0245-5},
  doi          = {10.1007/s00453-016-0245-5}
}

@inproceedings{SharonARBS18,
  author       = {Guni Sharon and
                  Michael Albert and
                  Tarun Rambha and
                  Stephen D. Boyles and
                  Peter Stone},
  title        = {Traffic Optimization for a Mixture of Self-Interested and Compliant
                  Agents},
  booktitle    = {Proc. of the 32nd {AAAI} Conference on Artificial Intelligence},
  pages        = {1202--1209},
  year         = {2018},
  url          = {https://www.aaai.org/ocs/index.php/AAAI/AAAI18/paper/view/16414},
  timestamp    = {Tue, 08 Mar 2022 21:46:35 +0100},
  biburl       = {https://dblp.org/rec/conf/aaai/SharonARBS18.bib},
  bibsource    = {dblp computer science bibliography, https://dblp.org}
}

@article{chen2020path,
  title={Path controlling of automated vehicles for system optimum on transportation networks with heterogeneous traffic stream},
  author={Chen, Zhibin and Lin, Xi and Yin, Yafeng and Li, Meng},
  journal={Transportation Research Part C: Emerging Technologies},
  volume={110},
  pages={312--329},
  year={2020},
  publisher={Elsevier}
}

@inproceedings{sharon2021alleviating,
  title={Alleviating Road Traffic Congestion with Artificial Intelligence.},
  author={Sharon, Guni},
  booktitle={IJCAI},
  pages={4965--4969},
  year={2021}
}

@article{jalota2023balancing,
  title={Balancing fairness and efficiency in traffic routing via interpolated traffic assignment},
  author={Jalota, Devansh and Solovey, Kiril and Tsao, Matthew and Zoepf, Stephen and Pavone, Marco},
  journal={Autonomous Agents and Multi-Agent Systems},
  volume={37},
  number={2},
  pages={32},
  year={2023},
  publisher={Springer}
}

@inproceedings{sharon2017real,
  title={Real-time adaptive tolling scheme for optimized social welfare in traffic networks},
  author={Sharon, Guni and Hanna, Josiah P and Rambha, Tarun and Levin, Michael W and Albert, Michael and Boyles, Stephen D and Stone, Peter},
  booktitle={Proc. of the 16th International Conference on Autonomous Agents and Multiagent Systems},
  year={2017}
}

@article{sharon2017network,
  title={Network-wide adaptive tolling for connected and automated vehicles},
  author={Sharon, Guni and Levin, Michael W and Hanna, Josiah P and Rambha, Tarun and Boyles, Stephen D and Stone, Peter},
  journal={Transportation Research Part C: Emerging Technologies},
  volume={84},
  pages={142--157},
  year={2017},
  publisher={Elsevier}
}

@book{sparsity,
  author       = {Jaroslav Nesetril and
                  Patrice Ossona de Mendez},
  title        = {Sparsity - Graphs, Structures, and Algorithms},
  series       = {Algorithms and combinatorics},
  volume       = {28},
  publisher    = {Springer},
  year         = {2012},
  url          = {https://doi.org/10.1007/978-3-642-27875-4},
  doi          = {10.1007/978-3-642-27875-4},
  timestamp    = {Wed, 14 Nov 2018 10:12:21 +0100},
  biburl       = {https://dblp.org/rec/books/daglib/0030491.bib},
  bibsource    = {dblp computer science bibliography, https://dblp.org}
}

@article{ErlebachJansen01,
  author       = {Thomas Erlebach and Klaus Jansen},
  title        = {The Maximum Edge-Disjoint Paths Problem in Bidirected Trees},
  journal      = {{SIAM} J. Discrete Math.},
  volume       = {14},
  number 	   = {3},
  pages        = {326--355},
  year         = {2001},
  url          = {https://doi.org/10.1137/S0895480199361259},
  doi          = {10.1137/S0895480199361259}
}

@book{Diestel12,
  author       = {Reinhard Diestel},
  title        = {Graph Theory, 4th Edition},
  series       = {Graduate texts in mathematics},
  volume       = {173},
  publisher    = {Springer},
  year         = {2012},
  timestamp    = {Mon, 04 Mar 2013 20:55:42 +0100},
  biburl       = {https://dblp.org/rec/books/daglib/0030488.bib},
  bibsource    = {dblp computer science bibliography, https://dblp.org}
}


@book{Niedermeier06,
	address = {Oxford},
	author = {Rolf Niedermeier},
	publisher = {Oxford University Publishing},
	series = {Oxford Lecture Series in Mathematics and its Applications},
	title = {Invitation to Fixed-Parameter Algorithms},
	year = {2006}}


@inproceedings{KorhonenP15,
  author       = {Janne H. Korhonen and
                  Pekka Parviainen},
  title        = {Tractable Bayesian Network Structure Learning with Bounded Vertex
                  Cover Number},
  booktitle    = {Advances in Neural Information Processing Systems 28: Annual Conference
                  on Neural Information Processing Systems 2015},
  pages        = {622--630},
  year         = {2015},
  url          = {https://proceedings.neurips.cc/paper/2015/hash/66368270ffd51418ec58bd793f2d9b1b-Abstract.html},
  timestamp    = {Mon, 16 May 2022 15:41:51 +0200},
  biburl       = {https://dblp.org/rec/conf/nips/KorhonenP15.bib},
  bibsource    = {dblp computer science bibliography, https://dblp.org}
}



@article{MarxW14,
  author       = {D{\'{a}}niel Marx and
                  Paul Wollan},
  title        = {Immersions in Highly Edge Connected Graphs},
  journal      = {{SIAM} J. Discret. Math.},
  volume       = {28},
  number       = {1},
  pages        = {503--520},
  year         = {2014},
  url          = {https://doi.org/10.1137/130924056},
  doi          = {10.1137/130924056},
  timestamp    = {Sat, 25 Apr 2020 13:56:22 +0200},
  biburl       = {https://dblp.org/rec/journals/siamdm/MarxW14.bib},
  bibsource    = {dblp computer science bibliography, https://dblp.org}
}

@article{FleszarMS18,
  author       = {Krzysztof Fleszar and
                  Matthias Mnich and
                  Joachim Spoerhase},
  title        = {New algorithms for maximum disjoint paths based on tree-likeness},
  journal      = {Math. Program.},
  volume       = {171},
  number       = {1-2},
  pages        = {433--461},
  year         = {2018},
  url          = {https://doi.org/10.1007/s10107-017-1199-3},
  doi          = {10.1007/s10107-017-1199-3},
  timestamp    = {Sun, 02 Jun 2019 21:05:28 +0200},
  biburl       = {https://dblp.org/rec/journals/mp/FleszarMS18.bib},
  bibsource    = {dblp computer science bibliography, https://dblp.org}
}

@article{hunter2008digraph,
  title={Digraph measures: Kelly decompositions, games, and orderings},
  author={Hunter, Paul and Kreutzer, Stephan},
  journal={Theoretical Computer Science},
  volume={399},
  number={3},
  pages={206--219},
  year={2008},
  publisher={Elsevier}
}

@inproceedings{FuchsleMNR22,
  author       = {Eugen F{\"{u}}chsle and
                  Hendrik Molter and
                  Rolf Niedermeier and
                  Malte Renken},
  title        = {Delay-Robust Routes in Temporal Graphs},
  booktitle    = {39th International Symposium on Theoretical Aspects of Computer Science,
                  {STACS} 2022},
  series       = {LIPIcs},
  volume       = {219},
  pages        = {30:1--30:15},
  publisher    = {Schloss Dagstuhl - Leibniz-Zentrum f{\"{u}}r Informatik},
  year         = {2022},
  url          = {https://doi.org/10.4230/LIPIcs.STACS.2022.30},
  doi          = {10.4230/LIPIcs.STACS.2022.30},
  timestamp    = {Mon, 26 Jun 2023 20:44:04 +0200},
  biburl       = {https://dblp.org/rec/conf/stacs/FuchsleMNR22.bib},
  bibsource    = {dblp computer science bibliography, https://dblp.org}
}

@article{KoanaKNNZ21,
  author       = {Tomohiro Koana and
                  Viatcheslav Korenwein and
                  Andr{\'{e}} Nichterlein and
                  Rolf Niedermeier and
                  Philipp Zschoche},
  title        = {Data Reduction for Maximum Matching on Real-World Graphs: Theory and
                  Experiments},
  journal      = {{ACM} J. Exp. Algorithmics},
  volume       = {26},
  pages        = {1.3:1--1.3:30},
  year         = {2021},
  url          = {https://doi.org/10.1145/3439801},
  doi          = {10.1145/3439801},
  timestamp    = {Mon, 13 Jun 2022 08:29:30 +0200},
  biburl       = {https://dblp.org/rec/journals/jea/KoanaKNNZ21.bib},
  bibsource    = {dblp computer science bibliography, https://dblp.org}
}

@article{GozupekOPSS17,
  author       = {Didem G{\"{o}}z{\"{u}}pek and
                  Sibel {\"{O}}zkan and
                  Christophe Paul and
                  Ignasi Sau and
                  Mordechai Shalom},
  title        = {Parameterized complexity of the {MINCCA} problem on graphs of bounded
                  decomposability},
  journal      = {Theor. Comput. Sci.},
  volume       = {690},
  pages        = {91--103},
  year         = {2017},
  url          = {https://doi.org/10.1016/j.tcs.2017.06.013},
  doi          = {10.1016/j.tcs.2017.06.013},
  timestamp    = {Sun, 25 Jul 2021 11:39:30 +0200},
  biburl       = {https://dblp.org/rec/journals/tcs/GozupekOPSS17.bib},
  bibsource    = {dblp computer science bibliography, https://dblp.org}
}

@inproceedings{Huang0KD22,
  author       = {Taoan Huang and
                  Jiaoyang Li and
                  Sven Koenig and
                  Bistra Dilkina},
  title        = {Anytime Multi-Agent Path Finding via Machine Learning-Guided Large
                  Neighborhood Search},
  booktitle    = {Proc. of the 36th {AAAI} Conference on Artificial Intelligence},
  pages        = {9368--9376},
  year         = {2022},
  url          = {https://ojs.aaai.org/index.php/AAAI/article/view/21168},
  timestamp    = {Tue, 12 Jul 2022 14:14:21 +0200},
  biburl       = {https://dblp.org/rec/conf/aaai/Huang0KD22.bib},
  bibsource    = {dblp computer science bibliography, https://dblp.org}
}

@inproceedings{PhamHVN22,
  author       = {Quang Anh Pham and
                  Minh Ho{\`{a}}ng H{\`{a}} and
                  Duy Manh Vu and
                  Huy Hoang Nguyen},
  title        = {A Hybrid Genetic Algorithm for the Vehicle Routing Problem with Roaming
                  Delivery Locations},
  booktitle    = {Proc. of the 32nd International Conference on Automated
                  Planning and Scheduling},
  pages        = {297--306},
  year         = {2022},
  url          = {https://ojs.aaai.org/index.php/ICAPS/article/view/19813},
  timestamp    = {Wed, 20 Jul 2022 14:27:38 +0200},
  biburl       = {https://dblp.org/rec/conf/aips/PhamHVN22.bib},
  bibsource    = {dblp computer science bibliography, https://dblp.org}
}

@article{AbuMonsharA22,
  author       = {Anees Abu{-}Monshar and
                  Ammar Al{-}Bazi},
  title        = {A multi-objective centralised agent-based optimisation approach for
                  vehicle routing problem with unique vehicles},
  journal      = {Appl. Soft Comput.},
  volume       = {125},
  pages        = {109187},
  year         = {2022},
  url          = {https://doi.org/10.1016/j.asoc.2022.109187},
  doi          = {10.1016/j.asoc.2022.109187},
  timestamp    = {Thu, 22 Sep 2022 19:57:57 +0200},
  biburl       = {https://dblp.org/rec/journals/asc/Abu-MonsharA22.bib},
  bibsource    = {dblp computer science bibliography, https://dblp.org}
}

@article{GanianKS22,
  author       = {Robert Ganian and
                  Eun Jung Kim and
                  Stefan Szeider},
  title        = {Algorithmic Applications of Tree-Cut Width},
  journal      = {{SIAM} J. Discret. Math.},
  volume       = {36},
  number       = {4},
  pages        = {2635--2666},
  year         = {2022},
  url          = {https://doi.org/10.1137/20m137478x},
  doi          = {10.1137/20m137478x},
  timestamp    = {Sat, 11 Mar 2023 00:12:54 +0100},
  biburl       = {https://dblp.org/rec/journals/siamdm/GanianKS22.bib},
  bibsource    = {dblp computer science bibliography, https://dblp.org}
}


@inproceedings{0040XPRT22,
  author       = {Kai Wang and
                  Lily Xu and
                  Andrew Perrault and
                  Michael K. Reiter and
                  Milind Tambe},
  title        = {Coordinating Followers to Reach Better Equilibria: End-to-End Gradient
                  Descent for Stackelberg Games},
  booktitle    = {Proc. of the 36th {AAAI} Conference on Artificial Intelligence},
  pages        = {5219--5227},
  year         = {2022},
  url          = {https://ojs.aaai.org/index.php/AAAI/article/view/20457},
  timestamp    = {Mon, 11 Jul 2022 16:09:32 +0200},
  biburl       = {https://dblp.org/rec/conf/aaai/0040XPRT22.bib},
  bibsource    = {dblp computer science bibliography, https://dblp.org}
}