@article{Horn1981DeterminingOF,
	title={Determining Optical Flow},
	author={Berthold K. P. Horn and B. G. Schunck},
	journal={Artif. Intell.},
	year={1981},
	volume={17},
	pages={185-203}
}

@inproceedings{black1993framework,
	title={A framework for the robust estimation of optical flow},
	author={Black, Michael J and Anandan, Padmanabhan},
	booktitle={ICCV},
	year={1993}
}

@inproceedings{weinzaepfel2013deepflow,
	title={DeepFlow: Large displacement optical flow with deep matching},
	author={Weinzaepfel, Philippe and Revaud, Jerome and Harchaoui, Zaid and Schmid, Cordelia},
	booktitle={ICCV},
	year={2013}
}

@inproceedings{ranjan2017optical,
	title={Optical flow estimation using a spatial pyramid network},
	author={Ranjan, Anurag and Black, Michael J},
	booktitle={CVPR},
	year={2017}
}

@inproceedings{bai2016exploiting,
	title={Exploiting semantic information and deep matching for optical flow},
	author={Bai, Min and Luo, Wenjie and Kundu, Kaustav and Urtasun, Raquel},
	booktitle={ECCV},
	year={2016}
}


@inproceedings{zhao2020msrn,
	title={OF-MSRN: optical flow-auxiliary multi-task regression network for direct quantitative measurement, segmentation and motion estimation},
	author={Zhao, Chengqian and Feng, Cheng and Li, Dengwang and Li, Shuo},
	booktitle={AAAI},
	year={2020}
}

@inproceedings{shen2018person,
	title={Person re-identification with deep similarity-guided graph neural network},
	author={Shen, Yantao and Li, Hongsheng and Yi, Shuai and Chen, Dapeng and Wang, Xiaogang},
	booktitle={ECCV},
	year={2018}
}

@inproceedings{luo2020cascade,
  title={Cascade graph neural networks for rgb-d salient object detection},
  author={Luo, Ao and Li, Xin and Yang, Fan and Jiao, Zhicheng and Cheng, Hong and Lyu, Siwei},
  booktitle={ECCV},
  year={2020},
}

@inproceedings{mohamed2020social,
	title={Social-stgcnn: A social spatio-temporal graph convolutional neural network for human trajectory prediction},
	author={Mohamed, Abduallah and Qian, Kun and Elhoseiny, Mohamed and Claudel, Christian},
	booktitle={CVPR},
	year={2020}
}

@article{luo2021robust,
  title={Robust Scene Parsing by Mining Supportive Knowledge From Dataset},
  author={Luo, Ao and Yang, Fan and Li, Xin and Li, Yuezun and Jiao, Zhicheng and Cheng, Hong and Lyu, Siwei},
  journal={IEEE Transactions on Neural Networks and Learning Systems},
  year={2021},
}

@InProceedings{Park_2021_CVPR,
	author    = {Park, Jungin and Lee, Jiyoung and Sohn, Kwanghoon},
	title     = {Bridge To Answer: Structure-Aware Graph Interaction Network for Video Question Answering},
	booktitle = {CVPR},
	year      = {2021}
}

@inproceedings{wei2020view,
	title={View-GCN: View-based graph convolutional network for 3D shape analysis},
	author={Wei, Xin and Yu, Ruixuan and Sun, Jian},
	booktitle={CVPR},
	year={2020}
}

@inproceedings{Brox2004HighAO,
	title={High Accuracy Optical Flow Estimation Based on a Theory for Warping},
	author={T. Brox and Andr{\'e}s Bruhn and N. Papenberg and J. Weickert},
	booktitle={ECCV},
	year={2004}
}

@article{Bruhn2005LucasKanadeMH,
	title={Lucas/Kanade meets Horn/Schunck: combining local and global optic flow methods},
	author={Andr{\'e}s Bruhn and J. Weickert and C. Schn{\"o}rr},
	journal={IJCV},
	year={2005},
	volume={61},
	pages={211-231}
}

@inproceedings{Dosovitskiy2015FlowNetLO,
	title={FlowNet: Learning Optical Flow with Convolutional Networks},
	author={A. Dosovitskiy and P. Fischer and Eddy Ilg and Philip H{\"a}usser and Caner Hazirbas and V. Golkov and P. V. D. Smagt and D. Cremers and T. Brox},
	booktitle={ICCV},
	year={2015}
}

@inproceedings{su2017pose,
	title={Pose-driven deep convolutional model for person re-identification},
	author={Su, Chi and Li, Jianing and Zhang, Shiliang and Xing, Junliang and Gao, Wen and Tian, Qi},
	booktitle={ICCV},
	year={2017}
}

@InProceedings{Xu_2019_CVPR,
	author = {Xu, Rui and Li, Xiaoxiao and Zhou, Bolei and Loy, Chen Change},
	title = {Deep Flow-Guided Video Inpainting},
	booktitle = {CVPR},
	year = {2019}
}

@inproceedings{Ilg2017FlowNet2E,
	title={FlowNet 2.0: Evolution of Optical Flow Estimation with Deep Networks},
	author={Eddy Ilg and N. Mayer and Tonmoy Saikia and Margret Keuper and A. Dosovitskiy and T. Brox},
	booktitle={CVPR},
	year={2017}
}

@inproceedings{Hui2018LiteFlowNetAL,
	title={LiteFlowNet: A Lightweight Convolutional Neural Network for Optical Flow Estimation},
	author={Tak-Wai Hui and Xiaoou Tang and Chen Change Loy},
	booktitle={CVPR},
	year={2018}
}

@inproceedings{Sun2018PWCNetCF,
	title={PWC-Net: CNNs for Optical Flow Using Pyramid, Warping, and Cost Volume},
	author={Deqing Sun and Xiaodong Yang and Ming-Yu Liu and J. Kautz},
	booktitle={CVPR},
	year={2018}
}

@inproceedings{Hur2019IterativeRR,
	title={Iterative Residual Refinement for Joint Optical Flow and Occlusion Estimation},
	author={Junhwa Hur and S. Roth},
	booktitle={CVPR},
	year={2019}
}

@inproceedings{Yang2019VolumetricCN,
	title={Volumetric Correspondence Networks for Optical Flow},
	author={Gengshan Yang and D. Ramanan},
	booktitle={NeurIPS},
	year={2019}
}

@inproceedings{Zhao2020MaskFlownetAF,
	title={MaskFlownet: Asymmetric Feature Matching With Learnable Occlusion Mask},
	author={Shengyu Zhao and Yilun Sheng and Yue Dong and E. Chang and Yan Xu},
	booktitle={CVPR},
	year={2020}
}

@inproceedings{Teed2020RAFTRA,
	title={RAFT: Recurrent All-Pairs Field Transforms for Optical Flow},
	author={Zachary Teed and Jun Deng},
	booktitle={ECCV},
	year={2020}
}

@inproceedings{Jiang2021LearningOF,
	title={Learning Optical Flow from a Few Matches},
	author={Shihao Jiang and Yao Lu and Hongdong Li and R. Hartley},
	booktitle={CVPR},
	year={2021},
}

@inproceedings{Jiang2021LearningTE,
	title={Learning to Estimate Hidden Motions with Global Motion Aggregation},
	author={Shihao Jiang and Dylan Campbell and Yao Lu and Hongdong Li and R. Hartley},
	booktitle={ICCV},
	year={2021},
}

@inproceedings{He2016DeepRL,
	title={Deep Residual Learning for Image Recognition},
	author={Kaiming He and X. Zhang and Shaoqing Ren and Jian Sun},
	booktitle={CVPR},
	year={2016},
}

@inproceedings{Kipf2017SemiSupervisedCW,
	title={Semi-Supervised Classification with Graph Convolutional Networks},
	author={Thomas Kipf and M. Welling},
	booktitle={ICLR},
	year={2017},
}

@inproceedings{Li2018BeyondGL,
	title={Beyond Grids: Learning Graph Representations for Visual Recognition},
	author={Yin Li and A. Gupta},
	booktitle={NeurIPS},
	year={2018}
}

@inproceedings{Bertinetto2016LearningFO,
	title={Learning feed-forward one-shot learners},
	author={Luca Bertinetto and Jo{\~a}o F. Henriques and Jack Valmadre and Philip H. S. Torr and A. Vedaldi},
	booktitle={NeurIPS},
	year={2016}
}

@article{Hu2020SqueezeandExcitationN,
	title={Squeeze-and-Excitation Networks},
	author={Jie Hu and Li Shen and Samuel Albanie and Gang Sun and E. Wu},
	journal={TPAMI},
	year={2020},
	volume={42},
	pages={2011-2023}
}

@inproceedings{BarHaim2020ScopeFlowDS,
	title={ScopeFlow: Dynamic Scene Scoping for Optical Flow},
	author={A. Bar-Haim and L. Wolf},
	booktitle={CVPR},
	year={2020}
}

@inproceedings{Yin2019HierarchicalDD,
	title={Hierarchical Discrete Distribution Decomposition for Match Density Estimation},
	author={Zhichao Yin and Trevor Darrell and F. Yu},
	booktitle={CVPR},
	year={2019},
}

@article{Sun2020ModelsMS,
	title={Models Matter, So Does Training: An Empirical Study of CNNs for Optical Flow Estimation},
	author={Deqing Sun and Xiaodong Yang and Ming-Yu Liu and J. Kautz},
	journal={IEEE Transactions on Pattern Analysis and Machine Intelligence},
	year={2020},
	volume={42},
	pages={1408-1423}
}

@inproceedings{Wang2020DisplacementInvariantMC,
	title={Displacement-Invariant Matching Cost Learning for Accurate Optical Flow Estimation},
	author={Jianyuan Wang and Yiran Zhong and Yuchao Dai and K. Zhang and Pan Ji and Hongdong Li},
	booktitle={NeurIPS},
	year={2020}
}

@inproceedings{Butler2012,
	title={A Naturalistic Open Source Movie for Optical Flow Evaluation},
	author={Daniel Butler and Jonas Wulff and Garrett Stanley and Michael Black},
	booktitle={ECCV},
	year={2012},
}

@inproceedings{KITTI_2015,
	title={Object scene flow for autonomous vehicles},
	author={Menze, Moritz and Geiger, Andreas},
	booktitle={CVPR},
	year={2015},
}

@inproceedings{Mayer2016ALD,
	title={A Large Dataset to Train Convolutional Networks for Disparity, Optical Flow, and Scene Flow Estimation},
	author={N. Mayer and Eddy Ilg and Philip H{\"a}usser and P. Fischer and D. Cremers and A. Dosovitskiy and T. Brox},
	booktitle={CVPR},
	year={2016}
}

@inproceedings{Kondermann2016TheHB,
	title={The HCI Benchmark Suite: Stereo and Flow Ground Truth with Uncertainties for Urban Autonomous Driving},
	author={D. Kondermann and Rahul Nair and Katrin Honauer and Karsten Krispin and Jonas Andrulis and Alexander Brock and Burkhard G{\"u}ssefeld and Mohsen Rahimimoghaddam and Sabine Hofmann and C. Brenner and B. J{\"a}hne},
	booktitle={CVPRW},
	year={2016}
}

@inproceedings{Sarlin2020SuperGlueLF,
	title={SuperGlue: Learning Feature Matching With Graph Neural Networks},
	author={Paul-Edouard Sarlin and Daniel DeTone and Tomasz Malisiewicz and Andrew Rabinovich},
	booktitle={CVPR},
	year={2020},
}

@inproceedings{vihlman2020optical,
	title={Optical Flow in Deep Visual Tracking},
	author={Vihlman, Mikko and Visala, Arto},
	booktitle={AAAI},
	year={2020}
}

@inproceedings{chen2020frame,
	title={Frame-guided region-aligned representation for video person re-identification},
	author={Chen, Zengqun and Zhou, Zhiheng and Huang, Junchu and Zhang, Pengyu and Li, Bo},
	booktitle={AAAI},
	year={2020}
}