@inproceedings{liu2020part,
  title={Part-aware prototype network for few-shot semantic segmentation},
  author={Liu, Yongfei and Zhang, Xiangyi and Zhang, Songyang and He, Xuming},
  booktitle={Proceedings of the European Conference on Computer Vision},
  year={2020},
  organization={Springer}
}
@article{zhang2021few,
  title={Few-shot segmentation via cycle-consistent transformer},
  author={Zhang, Gengwei and Kang, Guoliang and Yang, Yi and Wei, Yunchao},
  journal={Advances in Neural Information Processing Systems},
  volume={34},
  pages={21984--21996},
  year={2021}
}
@inproceedings{min2021hypercorrelation,
  title={Hypercorrelation squeeze for few-shot segmentation},
  author={Min, Juhong and Kang, Dahyun and Cho, Minsu},
  booktitle={Proceedings of the IEEE/CVF International Conference on Computer Vision},
  pages={6941--6952},
  year={2021}
}
@article{dosovitskiy2020image,
  title={An image is worth 16x16 words: Transformers for image recognition at scale},
  author={Dosovitskiy, Alexey and Beyer, Lucas and Kolesnikov, Alexander and Weissenborn, Dirk and Zhai, Xiaohua and Unterthiner, Thomas and Dehghani, Mostafa and Minderer, Matthias and Heigold, Georg and Gelly, Sylvain and others},
  journal={arXiv preprint arXiv:2010.11929},
  year={2020}
}
@article{tian2020prior,
  title={Prior guided feature enrichment network for few-shot segmentation},
  author={Tian, Zhuotao and Zhao, Hengshuang and Shu, Michelle and Yang, Zhicheng and Li, Ruiyu and Jia, Jiaya},
  journal={IEEE transactions on pattern analysis and machine intelligence},
  volume={44},
  number={2},
  pages={1050--1065},
  year={2020},
  publisher={IEEE}
}
@inproceedings{fan2022self,
  title={Self-support few-shot semantic segmentation},
  author={Fan, Qi and Pei, Wenjie and Tai, Yu-Wing and Tang, Chi-Keung},
  booktitle={Proceedings of the European Conference on Computer Vision},
  year={2022},
  organization={Springer}
}
@inproceedings{hong2022cost,
  title={Cost aggregation with 4d convolutional swin transformer for few-shot segmentation},
  author={Hong, Sunghwan and Cho, Seokju and Nam, Jisu and Lin, Stephen and Kim, Seungryong},
  booktitle={Proceedings of the European Conference on Computer Vision},
  year={2022},
  organization={Springer}
}
@inproceedings{kang2022integrative,
  title={Integrative few-shot learning for classification and segmentation},
  author={Kang, Dahyun and Cho, Minsu},
  booktitle={Proceedings of the IEEE/CVF Conference on Computer Vision and Pattern Recognition},
  pages={9979--9990},
  year={2022}
}
@inproceedings{li2021adaptive,
  title={Adaptive prototype learning and allocation for few-shot segmentation},
  author={Li, Gen and Jampani, Varun and Sevilla-Lara, Laura and Sun, Deqing and Kim, Jonghyun and Kim, Joongkyu},
  booktitle={Proceedings of the IEEE/CVF conference on Computer Vision and Pattern Recognition},
  pages={8334--8343},
  year={2021}
}
@article{liu2022intermediate,
  title={Intermediate prototype mining transformer for few-shot semantic segmentation},
  author={Liu, Yuanwei and Liu, Nian and Yao, Xiwen and Han, Junwei},
  journal={arXiv preprint arXiv:2210.06780},
  year={2022}
}
@inproceedings{xiong2022doubly,
  title={Doubly Deformable Aggregation of Covariance Matrices for Few-Shot Segmentation},
  author={Xiong, Zhitong and Li, Haopeng and Zhu, Xiao Xiang},
  booktitle={Computer Vision--ECCV 2022: 17th European Conference, Tel Aviv, Israel, October 23--27, 2022, Proceedings, Part XX},
  pages={133--150},
  year={2022},
  organization={Springer}
}
@inproceedings{yang2020prototype,
  title={Prototype mixture models for few-shot semantic segmentation},
  author={Yang, Boyu and Liu, Chang and Li, Bohao and Jiao, Jianbin and Ye, Qixiang},
  booktitle={Proceedings of the European Conference on Computer Vision},
  year={2020},
  organization={Springer}
}
@article{kim2023uncertainty,
  title={Uncertainty-aware semi-supervised few shot segmentation},
  author={Kim, Soopil and Chikontwe, Philip and An, Sion and Park, Sang Hyun},
  journal={Pattern Recognition},
  pages={109292},
  year={2023},
  publisher={Elsevier}
}
@article{zou2020pseudoseg,
  title={Pseudoseg: Designing pseudo labels for semantic segmentation},
  author={Zou, Yuliang and Zhang, Zizhao and Zhang, Han and Li, Chun-Liang and Bian, Xiao and Huang, Jia-Bin and Pfister, Tomas},
  journal={arXiv preprint arXiv:2010.09713},
  year={2020}
}
@inproceedings{dong2018few,
  title={Few-shot semantic segmentation with prototype learning.},
  author={Dong, Nanqing and Xing, Eric P},
  booktitle={BMVC},
  volume={3},
  number={4},
  year={2018}
}
@inproceedings{zhang2019canet,
  title={Canet: Class-agnostic segmentation networks with iterative refinement and attentive few-shot learning},
  author={Zhang, Chi and Lin, Guosheng and Liu, Fayao and Yao, Rui and Shen, Chunhua},
  booktitle={Proceedings of the IEEE/CVF Conference on Computer Vision and Pattern Recognition},
  pages={5217--5226},
  year={2019}
}
@article{zhang2020sg,
  title={Sg-one: Similarity guidance network for one-shot semantic segmentation},
  author={Zhang, Xiaolin and Wei, Yunchao and Yang, Yi and Huang, Thomas S},
  journal={IEEE transactions on cybernetics},
  volume={50},
  number={9},
  pages={3855--3865},
  year={2020},
  publisher={IEEE}
}
@inproceedings{wang2019panet,
  title={Panet: Few-shot image semantic segmentation with prototype alignment},
  author={Wang, Kaixin and Liew, Jun Hao and Zou, Yingtian and Zhou, Daquan and Feng, Jiashi},
  booktitle={proceedings of the IEEE/CVF International Conference on Computer Vision},
  pages={9197--9206},
  year={2019}
}
@inproceedings{long2015fully,
  title={Fully convolutional networks for semantic segmentation},
  author={Long, Jonathan and Shelhamer, Evan and Darrell, Trevor},
  booktitle={Proceedings of the IEEE conference on Computer Vision and Pattern Recognition},
  pages={3431--3440},
  year={2015}
}
@inproceedings{zhao2017pyramid,
  title={Pyramid scene parsing network},
  author={Zhao, Hengshuang and Shi, Jianping and Qi, Xiaojuan and Wang, Xiaogang and Jia, Jiaya},
  booktitle={Proceedings of the IEEE conference on Computer Vision and Pattern Recognition},
  pages={2881--2890},
  year={2017}
}
@inproceedings{chen2018encoder,
  title={Encoder-decoder with atrous separable convolution for semantic image segmentation},
  author={Chen, Liang-Chieh and Zhu, Yukun and Papandreou, George and Schroff, Florian and Adam, Hartwig},
  booktitle={Proceedings of the European Conference on Computer Vision},
  year={2018}
}
@inproceedings{yang2018denseaspp,
  title={Denseaspp for semantic segmentation in street scenes},
  author={Yang, Maoke and Yu, Kun and Zhang, Chi and Li, Zhiwei and Yang, Kuiyuan},
  booktitle={Proceedings of the IEEE conference on Computer Vision and Pattern Recognition},
  pages={3684--3692},
  year={2018}
}
@inproceedings{he2019adaptive,
  title={Adaptive pyramid context network for semantic segmentation},
  author={He, Junjun and Deng, Zhongying and Zhou, Lei and Wang, Yali and Qiao, Yu},
  booktitle={Proceedings of the IEEE/CVF Conference on Computer Vision and Pattern Recognition},
  pages={7519--7528},
  year={2019}
}
@inproceedings{fu2019dual,
  title={Dual attention network for scene segmentation},
  author={Fu, Jun and Liu, Jing and Tian, Haijie and Li, Yong and Bao, Yongjun and Fang, Zhiwei and Lu, Hanqing},
  booktitle={Proceedings of the IEEE/CVF conference on Computer Vision and Pattern Recognition},
  pages={3146--3154},
  year={2019}
}
@article{yuan2018ocnet,
  title={Ocnet: Object context network for scene parsing},
  author={Yuan, Yuhui and Huang, Lang and Guo, Jianyuan and Zhang, Chao and Chen, Xilin and Wang, Jingdong},
  journal={arXiv preprint arXiv:1809.00916},
  year={2018}
}
@inproceedings{li2019expectation,
  title={Expectation-maximization attention networks for semantic segmentation},
  author={Li, Xia and Zhong, Zhisheng and Wu, Jianlong and Yang, Yibo and Lin, Zhouchen and Liu, Hong},
  booktitle={Proceedings of the IEEE/CVF International Conference on Computer Vision},
  pages={9167--9176},
  year={2019}
}
@article{tao2020hierarchical,
  title={Hierarchical multi-scale attention for semantic segmentation},
  author={Tao, Andrew and Sapra, Karan and Catanzaro, Bryan},
  journal={arXiv preprint arXiv:2005.10821},
  year={2020}
}
@inproceedings{zhu2019asymmetric,
  title={Asymmetric non-local neural networks for semantic segmentation},
  author={Zhu, Zhen and Xu, Mengde and Bai, Song and Huang, Tengteng and Bai, Xiang},
  booktitle={Proceedings of the IEEE/CVF International Conference on Computer Vision},
  pages={593--602},
  year={2019}
}
@inproceedings{zhang2019acfnet,
  title={Acfnet: Attentional class feature network for semantic segmentation},
  author={Zhang, Fan and Chen, Yanqin and Li, Zhihang and Hong, Zhibin and Liu, Jingtuo and Ma, Feifei and Han, Junyu and Ding, Errui},
  booktitle={Proceedings of the IEEE/CVF International Conference on Computer Vision},
  pages={6798--6807},
  year={2019}
}
@inproceedings{jin2021mining,
  title={Mining contextual information beyond image for semantic segmentation},
  author={Jin, Zhenchao and Gong, Tao and Yu, Dongdong and Chu, Qi and Wang, Jian and Wang, Changhu and Shao, Jie},
  booktitle={Proceedings of the IEEE/CVF International Conference on Computer Vision},
  pages={7231--7241},
  year={2021}
}
@inproceedings{lin2017refinenet,
  title={Refinenet: Multi-path refinement networks for high-resolution semantic segmentation},
  author={Lin, Guosheng and Milan, Anton and Shen, Chunhua and Reid, Ian},
  booktitle={Proceedings of the IEEE conference on Computer Vision and Pattern Recognition},
  pages={1925--1934},
  year={2017}
}
@inproceedings{yu2020context,
  title={Context prior for scene segmentation},
  author={Yu, Changqian and Wang, Jingbo and Gao, Changxin and Yu, Gang and Shen, Chunhua and Sang, Nong},
  booktitle={Proceedings of the IEEE/CVF conference on Computer Vision and Pattern Recognition},
  pages={12416--12425},
  year={2020}
}
@inproceedings{zhang2018context,
  title={Context encoding for semantic segmentation},
  author={Zhang, Hang and Dana, Kristin and Shi, Jianping and Zhang, Zhongyue and Wang, Xiaogang and Tyagi, Ambrish and Agrawal, Amit},
  booktitle={Proceedings of the IEEE conference on Computer Vision and Pattern Recognition},
  pages={7151--7160},
  year={2018}
}
@inproceedings{dong2022cswin,
  title={Cswin transformer: A general vision transformer backbone with cross-shaped windows},
  author={Dong, Xiaoyi and Bao, Jianmin and Chen, Dongdong and Zhang, Weiming and Yu, Nenghai and Yuan, Lu and Chen, Dong and Guo, Baining},
  booktitle={Proceedings of the IEEE/CVF Conference on Computer Vision and Pattern Recognition},
  pages={12124--12134},
  year={2022}
}
@inproceedings{lee2022mpvit,
  title={Mpvit: Multi-path vision transformer for dense prediction},
  author={Lee, Youngwan and Kim, Jonghee and Willette, Jeffrey and Hwang, Sung Ju},
  booktitle={Proceedings of the IEEE/CVF Conference on Computer Vision and Pattern Recognition},
  pages={7287--7296},
  year={2022}
}
@inproceedings{wang2021pyramid,
  title={Pyramid vision transformer: A versatile backbone for dense prediction without convolutions},
  author={Wang, Wenhai and Xie, Enze and Li, Xiang and Fan, Deng-Ping and Song, Kaitao and Liang, Ding and Lu, Tong and Luo, Ping and Shao, Ling},
  booktitle={Proceedings of the IEEE/CVF International Conference on Computer Vision},
  pages={568--578},
  year={2021}
}
@article{yuan2021hrformer,
  title={Hrformer: High-resolution vision transformer for dense predict},
  author={Yuan, Yuhui and Fu, Rao and Huang, Lang and Lin, Weihong and Zhang, Chao and Chen, Xilin and Wang, Jingdong},
  journal={Advances in Neural Information Processing Systems},
  volume={34},
  pages={7281--7293},
  year={2021}
}
@inproceedings{gu2022multi,
  title={Multi-scale high-resolution vision transformer for semantic segmentation},
  author={Gu, Jiaqi and Kwon, Hyoukjun and Wang, Dilin and Ye, Wei and Li, Meng and Chen, Yu-Hsin and Lai, Liangzhen and Chandra, Vikas and Pan, David Z},
  booktitle={Proceedings of the IEEE/CVF Conference on Computer Vision and Pattern Recognition},
  pages={12094--12103},
  year={2022}
}
@inproceedings{strudel2021segmenter,
  title={Segmenter: Transformer for semantic segmentation},
  author={Strudel, Robin and Garcia, Ricardo and Laptev, Ivan and Schmid, Cordelia},
  booktitle={Proceedings of the IEEE/CVF International Conference on Computer Vision},
  pages={7262--7272},
  year={2021}
}
@article{xie2021segformer,
  title={SegFormer: Simple and efficient design for semantic segmentation with transformers},
  author={Xie, Enze and Wang, Wenhai and Yu, Zhiding and Anandkumar, Anima and Alvarez, Jose M and Luo, Ping},
  journal={Advances in Neural Information Processing Systems},
  volume={34},
  pages={12077--12090},
  year={2021}
}
@inproceedings{zheng2021rethinking,
  title={Rethinking semantic segmentation from a sequence-to-sequence perspective with transformers},
  author={Zheng, Sixiao and Lu, Jiachen and Zhao, Hengshuang and Zhu, Xiatian and Luo, Zekun and Wang, Yabiao and Fu, Yanwei and Feng, Jianfeng and Xiang, Tao and Torr, Philip HS and others},
  booktitle={Proceedings of the IEEE/CVF conference on Computer Vision and Pattern Recognition},
  pages={6881--6890},
  year={2021}
}
@article{shaban2017one,
  title={One-shot learning for semantic segmentation},
  author={Shaban, Amirreza and Bansal, Shray and Liu, Zhen and Essa, Irfan and Boots, Byron},
  journal={arXiv preprint arXiv:1709.03410},
  year={2017}
}
@inproceedings{lin2014microsoft,
  title={Microsoft coco: Common objects in context},
  author={Lin, Tsung-Yi and Maire, Michael and Belongie, Serge and Hays, James and Perona, Pietro and Ramanan, Deva and Doll{\'a}r, Piotr and Zitnick, C Lawrence},
  booktitle={Proceedings of the European Conference on Computer Vision},
  year={2014},
  organization={Springer}
}
@article{zhu2020deformable,
  title={Deformable detr: Deformable transformers for end-to-end object detection},
  author={Zhu, Xizhou and Su, Weijie and Lu, Lewei and Li, Bin and Wang, Xiaogang and Dai, Jifeng},
  journal={arXiv preprint arXiv:2010.04159},
  year={2020}
}
@inproceedings{shi2022dense,
  title={Dense cross-query-and-support attention weighted mask aggregation for few-shot segmentation},
  author={Shi, Xinyu and Wei, Dong and Zhang, Yu and Lu, Donghuan and Ning, Munan and Chen, Jiashun and Ma, Kai and Zheng, Yefeng},
  booktitle={Proceedings of the European Conference on Computer Vision},
  year={2022},
  organization={Springer}
}
@inproceedings{wang2020few,
  title={Few-shot semantic segmentation with democratic attention networks},
  author={Wang, Haochen and Zhang, Xudong and Hu, Yutao and Yang, Yandan and Cao, Xianbin and Zhen, Xiantong},
  booktitle={Proceedings of the European Conference on Computer Vision},
  year={2020},
  organization={Springer}
}
@inproceedings{milletari2016v,
  title={V-net: Fully convolutional neural networks for volumetric medical image segmentation},
  author={Milletari, Fausto and Navab, Nassir and Ahmadi, Seyed-Ahmad},
  booktitle={2016 fourth international conference on 3D vision},
  pages={565--571},
  year={2016},
  organization={Ieee}
}
@inproceedings{he2016deep,
  title={Deep residual learning for image recognition},
  author={He, Kaiming and Zhang, Xiangyu and Ren, Shaoqing and Sun, Jian},
  booktitle={Proceedings of the IEEE conference on Computer Vision and Pattern Recognition},
  pages={770--778},
  year={2016}
}
@article{HFT,
  title={HFT: Lifting perspective representations via hybrid feature transformation},
  author={Zou, Jiayu and Xiao, Junrui and Zhu, Zheng and Huang, Junjie and Huang, Guan and Du, Dalong and Wang, Xingang},
  journal={arXiv preprint arXiv:2204.05068},
  year={2022}
}

@inproceedings{qin2023freeseg,
  title={FreeSeg: Unified, Universal and Open-Vocabulary Image Segmentation},
  author={Qin, Jie and Wu, Jie and Yan, Pengxiang and Li, Ming and Yuxi, Ren and Xiao, Xuefeng and Wang, Yitong and Wang, Rui and Wen, Shilei and Pan, Xin and others},
  booktitle={Proceedings of the IEEE/CVF Conference on Computer Vision and Pattern Recognition},
  pages={19446--19455},
  year={2023}
}
@inproceedings{qin2022activation,
  title={Activation modulation and recalibration scheme for weakly supervised semantic segmentation},
  author={Qin, Jie and Wu, Jie and Xiao, Xuefeng and Li, Lujun and Wang, Xingang},
  booktitle={Proceedings of the AAAI Conference on Artificial Intelligence},
  volume={36},
  number={2},
  pages={2117--2125},
  year={2022}
}

@inproceedings{qin2022multi,
  title={Multi-granularity distillation scheme towards lightweight semi-supervised semantic segmentation},
  author={Qin, Jie and Wu, Jie and Li, Ming and Xiao, Xuefeng and Zheng, Min and Wang, Xingang},
  booktitle={European Conference on Computer Vision},
  pages={481--498},
  year={2022},
  organization={Springer}
}