@InProceedings{kumar19,
   title={Tree LSTMs with Convolution Units to Predict Stance and Rumor Veracity in Social Media Conversations},
   author={Sumeet Kumar and Kathleen M. Carley},
   booktitle = {Proceedings of the Annual Meeting of the Association for Computational
               Linguistics, {ACL} 2019},
   year={2019}
}
   

@InProceedings{clef2018overall,
    author    = {Nakov, Preslav  and  Barr\'{o}n-Cede\~{n}o, Alberto and Elsayed, Tamer and Suwaileh, Reem and M\`{a}rquez, Llu\'{i}s and Zaghouani, Wajdi and Atanasova, Pepa and Kyuchukov, Spas and Da San Martino, Giovanni},
    title     = {Overview of the CLEF-2018 CheckThat! Lab on Automatic Identification and Verification of Political Claims},
    booktitle = {Proceedings of the Ninth International Conference of the CLEF Association: Experimental IR Meets Multilinguality, Multimodality, and Interaction},
    series    = {Lecture Notes in Computer Science},
    address   = {Avignon, France},
    month     = {September},
    year      = {2018},
}

@InProceedings{srivastava17,
  author = 	"Srivastava, Ankit
		and Rehm, Georg
		and Moreno Schneider, Julian",
  title = 	"DFKI-DKT at SemEval-2017 Task 8: Rumour Detection and Classification using      Cascading Heuristics    ",
  booktitle = 	"Proceedings of the 11th International Workshop on Semantic Evaluation      (SemEval-2017)    ",
  year = 	"2017",
  doi = 	"10.18653/v1/S17-2085",
  url = 	"http://www.aclweb.org/anthology/S17-2085"
}


@InProceedings{derczynski17,
   author = 	"Derczynski, Leon
 		and Bontcheva, Kalina
 		and Liakata, Maria
 		and Procter, Rob
 		and Wong Sak Hoi, Geraldine
 		and Zubiaga, Arkaitz",
   title = 	"SemEval-2017 Task 8: RumourEval: Determining rumour veracity and support for rumours",
   booktitle = 	"Proceedings of the 11th International Workshop on Semantic Evaluation (SemEval-2017)",
   year = 	"2017",
 }

@inproceedings{mihalcea09,
    title = "The Lie Detector: Explorations in the Automatic Recognition of Deceptive Language",
    author = "Mihalcea, Rada  and
      Strapparava, Carlo",
    booktitle = "Proceedings of the {ACL}-{IJCNLP} 2009 Conference Short Papers",
    month = aug,
    year = "2009"
}

@article{fuller09,
 author = {Fuller, Christie M. and Biros, David P. and Wilson, Rick L.},
 title = {Decision Support for Determining Veracity via Linguistic-based Cues},
 journal = {Decis. Support Syst.},
 issue_date = {February, 2009},
 volume = {46},
 number = {3},
 month = feb,
 year = {2009},
 issn = {0167-9236},
 doi = {10.1016/j.dss.2008.11.001},
 acmid = {1501420}
 } 



@inproceedings{rubin16,
    title = "Fake News or Truth? Using Satirical Cues to Detect Potentially Misleading News",
    author = "Rubin, Victoria  and
      Conroy, Niall  and
      Chen, Yimin  and
      Cornwell, Sarah",
    booktitle = "Proceedings of the Second Workshop on Computational Approaches to Deception Detection",
    month = jun,
    year = "2016"}

@article{sharma2019,
  title={Combating fake news: A survey on identification and mitigation techniques},
  author={Sharma, Karishma and Qian, Feng and Jiang, He and Ruchansky, Natali and Zhang, Ming and Liu, Yan},
  journal={ACM Transactions on Intelligent Systems and Technology (TIST)},
  volume={10},
  number={3},
  pages={21},
  year={2019},
}

@inproceedings{wang18,
 author = {Wang, Yaqing and Ma, Fenglong and Jin, Zhiwei and Yuan, Ye and Xun, Guangxu and Jha, Kishlay and Su, Lu and Gao, Jing},
 title = {EANN: Event Adversarial Neural Networks for Multi-Modal Fake News Detection},
 booktitle = {Proceedings of the 24th ACM SIGKDD International Conference on Knowledge Discovery \&\#38; Data Mining},
 series = {KDD '18},
 year = {2018},
 isbn = {978-1-4503-5552-0},
 location = {London, United Kingdom},
 pages = {849--857},
 numpages = {9},
 url = {http://doi.acm.org/10.1145/3219819.3219903},
 doi = {10.1145/3219819.3219903},
 acmid = {3219903}
} 

@InProceedings{yoo09,
author="Yoo, Kyung-Hyan
and Gretzel, Ulrike",
editor="H{\"o}pken, Wolfram
and Gretzel, Ulrike
and Law, Rob",
title="Comparison of Deceptive and Truthful Travel Reviews",
booktitle="Information and Communication Technologies in Tourism 2009",
year="2009"
}

@inproceedings{ott11,
 author = {Ott, Myle and Choi, Yejin and Cardie, Claire and Hancock, Jeffrey T.},
 title = {Finding Deceptive Opinion Spam by Any Stretch of the Imagination},
 booktitle = {Proceedings of the 49th Annual Meeting of the Association for Computational Linguistics: Human Language Technologies - Volume 1},
 series = {HLT '11},
 year = {2011},
 }

@inproceedings{zubiaga16,
    title = "Stance Classification in Rumours as a Sequential Task Exploiting the Tree Structure of Social Media Conversations",
    author = "Zubiaga, Arkaitz  and
      Kochkina, Elena  and
      Liakata, Maria  and
      Procter, Rob  and
      Lukasik, Michal",
    booktitle = "Proceedings of {COLING} 2016, the 26th International Conference on Computational Linguistics: Technical Papers",
    month = dec,
    year = "2016"
}

@misc{matsa_shearer_matsa_shearer_2018, title={News Use Across Social Media Platforms 2018}, url={https://www.journalism.org/2018/09/10/news-use-across-social-media-platforms-2018/}, journal={Pew Research Center's Journalism Project}, author={Matsa, Katerina Eva and Shearer, Elisa and Matsa, Katerina Eva and Shearer, Elisa}, year={2018}, month={Sep}}

@misc{rapoza_2017, title={Can 'Fake News' Impact The Stock Market?}, url={https://www.forbes.com/sites/kenrapoza/2017/02/26/can-fake-news-impact-the-stock-market/#5685a7f92fac}, journal={Forbes}, publisher={Forbes Magazine}, author={Rapoza, Kenneth}, year={2017}, month={Feb}}

@article{howard2018social,
  title={Social Media, News and Political Information during the US Election: Was Polarizing Content Concentrated in Swing States?},
  author={Howard, Philip N and Kollanyi, Bence and Bradshaw, Samantha and Neudert, Lisa-Maria},
  journal={arXiv preprint arXiv:1802.03573},
  year={2018}
}

@InProceedings{obrien18,
  author = 	"Nicole O'Brien and Sophia Latessa and  Georgios Evangelopoulos and Xavier Boix",
  title = 	"The Language of Fake News: Opening the Black-Box of Deep Learning Based Detectors",
  booktitle = 	"Proceedings of the Neurips 2018 Workshop on AI for social good",
  year = 	"2018",
 }

@inproceedings{wang17liar,
  author    = {William Yang Wang},
  title     = {"Liar, Liar Pants on Fire": {A} New Benchmark Dataset for Fake News
               Detection},
  booktitle = {Proceedings of the 55th Annual Meeting of the Association for Computational
               Linguistics, {ACL} 2017, Vancouver, Canada, July 30 - August 4, Volume
               2: Short Papers},
  pages     = {422--426},
  year      = {2017},
  doi       = {10.18653/v1/P17-2067},
  timestamp = {Fri, 04 Aug 2017 16:38:24 +0200},
  biburl    = {https://dblp.org/rec/bib/conf/acl/Wang17},
  bibsource = {dblp computer science bibliography, https://dblp.org},
  url = {https://doi.org/10.18653/v1/P17-2067},
}

@inproceedings{boididou16,
  author    = {Christina Boididou and
               Symeon Papadopoulos and
               Duc{-}Tien Dang{-}Nguyen and
               Giulia Boato and
               Michael Riegler and
               Stuart E. Middleton and
               Andreas Petlund and
               Yiannis Kompatsiaris},
  title     = {Verifying Multimedia Use at MediaEval 2016},
  booktitle = {Working Notes Proceedings of the MediaEval 2016 Workshop, Hilversum,
               The Netherlands, October 20-21, 2016.},
  year      = {2016},
}

@article{jin2017,
  title={Novel visual and statistical image features for microblogs news verification},
  author={Jin, Zhiwei and Cao, Juan and Zhang, Yongdong and Zhou, Jianshe and Tian, Qi},
  journal={IEEE transactions on multimedia},
  volume={19},
  number={3},
  year={2017},
}

@article{vosoughi2018spread,
  title={The spread of true and false news online},
  author={Vosoughi, Soroush and Roy, Deb and Aral, Sinan},
  journal={Science},
  volume={359},
  number={6380},
  year={2018}
}

@inproceedings{liu2018early,
  title={Early detection of fake news on social media through propagation path classification with recurrent and convolutional networks},
  author={Liu, Yang and Wu, Yi-Fang Brook},
  booktitle={Thirty-Second AAAI Conference on Artificial Intelligence},
  year={2018},
  url={https://dl.acm.org/citation.cfm?id=1963500}
}

@inproceedings{ma16,
 author = {Ma, Jing and Gao, Wei and Mitra, Prasenjit and Kwon, Sejeong and Jansen, Bernard J. and Wong, Kam-Fai and Cha, Meeyoung},
 title = {Detecting Rumors from Microblogs with Recurrent Neural Networks},
 booktitle = {Proceedings of the Twenty-Fifth International Joint Conference on Artificial Intelligence},
 series = {IJCAI'16},
 year = {2016}} 


@inproceedings{ma17,
  title={Detect rumors in microblog posts using propagation structure via kernel learning},
  author={Ma, Jing and Gao, Wei and Wong, Kam-Fai},
  booktitle={Proceedings of the 55th Annual Meeting of the Association for Computational Linguistics (Volume 1: Long Papers)},
  year={2017}
}

@InProceedings{ma18,
  author = 	"Ma, Jing
		and Gao, Wei
		and Wong, Kam-Fai",
  title = 	"Rumor Detection on Twitter with Tree-structured Recursive Neural Networks",
  booktitle = 	"Proceedings of the 56th Annual Meeting of the Association for Computational Linguistics (Volume 1: Long Papers)",
  year = 	"2018"
}

@InProceedings{wang17a,
  author = 	"Wang, Feixiang
		and Lan, Man
		and Wu, Yuanbin",
  title = 	"ECNU at SemEval-2017 Task 8: Rumour Evaluation Using Effective Features      and Supervised Ensemble Models    ",
  booktitle = 	"Proceedings of the 11th International Workshop on Semantic Evaluation      (SemEval-2017)    ",
  year = 	"2017"}

@inproceedings{kwon13a,
  author    = {Sejeong Kwon and
               Meeyoung Cha and
               Kyomin Jung and
               Wei Chen and
               Yajun Wang},
  title     = {Prominent Features of Rumor Propagation in Online Social Media},
  booktitle = {{ICDM}},
  pages     = {1103--1108},
  publisher = {{IEEE} Computer Society},
  year      = {2013}
}

@inproceedings{yang12,
 	Author = {Yang, Fan and Liu, Yang and Yu, Xiaohui and Yang, Min},
 	Booktitle = {Proceedings of the ACM SIGKDD Workshop on Mining Data Semantics},
 	Title = {Automatic Detection of Rumor on Sina Weibo},
 	Year = {2012}
}

@InProceedings{thorne18,
  author = 	"Thorne, James
		and Vlachos, Andreas
		and Cocarascu, Oana
		and Christodoulopoulos, Christos
		and Mittal, Arpit",
  title = 	"The Fact Extraction and VERification (FEVER) Shared Task",
  booktitle = 	"Proceedings of the First Workshop on Fact Extraction and VERification (FEVER)",
  year = 	"2018"}

@inproceedings{Ma:2018:DRS:3184558.3188729,
  title={Detect rumor and stance jointly by neural multi-task learning},
  author={Ma, Jing and Gao, Wei and Wong, Kam-Fai},
  booktitle={Companion Proceedings of the The Web Conference 2018},
  year={2018}
}

@misc{poynter_2019, 
      author={Daniel Funke},
      title={Snopes pulls out of its fact-checking partnership with Facebook}, url={https://www.poynter.org/fact-checking/2019/snopes-pulls-out-of-its-fact-checking-partnership-with-facebook/}, journal={Poynter}, year={2019}, month={Feb}}

@inproceedings{balyemnlp18,
  author    = {Ramy Baly and
               Georgi Karadzhov and
               Dimitar Alexandrov and
               James R. Glass and
               Preslav Nakov},
  title     = {Predicting Factuality of Reporting and Bias of News Media Sources},
  booktitle = {Proceedings of the 2018 Conference on Empirical Methods in Natural
               Language Processing, Brussels, Belgium, October 31 - November 4, 2018},
  year      = {2018}}

@inproceedings{hu13,
 author = {Hu, Xia and Tang, Jiliang and Zhang, Yanchao and Liu, Huan},
 title = {Social Spammer Detection in Microblogging},
 booktitle = {Proceedings of the Twenty-Third International Joint Conference on Artificial Intelligence},
 year = {2013}
}

@article{o2018language,
  title={The language of fake news: Opening the black-box of deep learning based detectors},
  author={O'Brien, Nicole and Latessa, Sophia and Evangelopoulos, Georgios and Boix, Xavier},
  year={2018},
  publisher={Center for Brains, Minds and Machines (CBMM)}
}

@inproceedings{tschiatschek18,
  author    = {Sebastian Tschiatschek and
               Adish Singla and
               Manuel Gomez{-}Rodriguez and
               Arpit Merchant and
               Andreas Krause},
  title     = {Fake News Detection in Social Networks via Crowd Signals},
  booktitle = {Companion of the The Web Conference 2018 on The Web Conference 2018,
               {WWW} 2018, Lyon , France, April 23-27, 2018},
  year      = {2018}
} 

@misc{facebook,
      title={Umgang mit Falschmeldungen (Handling of False Alarms)},
      url={https://de.newsroom.fb.com/news/2017/ 01/umgang-mit-falschmeldungen/}, 
      journal={Facebook Newsroom DACH}, 
      year={2017}, 
      month={Jan}
}

@inproceedings{pennington2014glove,
  author = {Jeffrey Pennington and Richard Socher and Christopher D. Manning},
  booktitle = {Empirical Methods in Natural Language Processing (EMNLP)},
  title = {GloVe: Global Vectors for Word Representation},
  year = {2014}
}

@article{devlin2018bert,
  title={Bert: Pre-training of deep bidirectional transformers for language understanding},
  author={Devlin, Jacob and Chang, Ming-Wei and Lee, Kenton and Toutanova, Kristina},
  journal={arXiv preprint arXiv:1810.04805},
  year={2018}
}

@inproceedings{hanselowksi18fnc,
      		year = {2018},
 			booktitle = {Proceedings of the 27th International Conference on Computational Linguistics (COLING 2018)},
     		title = {A Retrospective Analysis of the Fake News Challenge Stance-Detection Task},
    		author = {Andreas Hanselowski and Avinesh P.V.S. and Benjamin Schiller and Felix Caspelherr and Debanjan * Chaudhuri and Christian M. Meyer and Iryna Gurevych},
}
  	
@inproceedings{omar17,
  author = 	"Enayet, Omar
		and El-Beltagy, Samhaa R.",
  title = 	"NileTMRG at SemEval-2017 Task 8: Determining Rumour and Veracity Support for Rumours on Twitter.    ",
  booktitle = 	"Proceedings of the 11th International Workshop on Semantic Evaluation (SemEval-2017)    ",
  year = 	"2017"
}

 @article{giovanni15,
   author    = {Giovanni Luca Ciampaglia and
                Prashant Shiralkar and
                Luis Mateus Rocha and
                Johan Bollen and
                Filippo Menczer and
                Alessandro Flammini},
   title     = {Computational fact checking from knowledge networks},
   journal   = {CoRR},
   volume    = {abs/1501.03471},
   year      = {2015},
   url       = {http://arxiv.org/abs/1501.03471},
   timestamp = {Wed, 07 Jun 2017 14:40:40 +0200},
   biburl    = {http://dblp.uni-trier.de/rec/bib/journals/corr/CiampagliaSRBMF15},
   bibsource = {dblp computer science bibliography, http://dblp.org}
 }

@inproceedings{castillo11,
 	Author = {Castillo, Carlos and Mendoza, Marcelo and Poblete, Barbara},
 	Booktitle = {Proceedings of the 20th International Conference on World Wide Web},
 	Date-Added = {2015-04-30 07:33:58 +0000},
 	Date-Modified = {2015-04-30 07:34:53 +0000},
 	Title = {Information Credibility on Twitter},
 	Year = {2011}
}
 	
@article{DBLP:journals/corr/VaswaniSPUJGKP17,
author    = {Ashish Vaswani and
           Noam Shazeer and
           Niki Parmar and
           Jakob Uszkoreit and
           Llion Jones and
           Aidan N. Gomez and
           Lukasz Kaiser and
           Illia Polosukhin},
title     = {Attention Is All You Need},
journal   = {CoRR},
volume    = {abs/1706.03762},
year      = {2017},
archivePrefix = {arXiv},
eprint    = {1706.03762}
}

@article{wu15a,
  title={False rumors detection on Sina Weibo by propagation structures},
  author={Ke Wu and Song Yang and Kenny Q. Zhu},
  journal={2015 IEEE 31st International Conference on Data Engineering},
  year={2015}
}

@inproceedings{shaw-etal-2018-self,
    title = "Self-Attention with Relative Position Representations",
    author = "Shaw, Peter  and
      Uszkoreit, Jakob  and
      Vaswani, Ashish",
    booktitle = "Proceedings of the 2018 Conference of the North {A}merican Chapter of the Association for Computational Linguistics: Human Language Technologies, Volume 2 (Short Papers)",
    month = jun,
    year = "2018"
}

@article{yang2019xlnet,
  title={XLNet: Generalized Autoregressive Pretraining for Language Understanding},
  author={Yang, Zhilin and Dai, Zihang and Yang, Yiming and Carbonell, Jaime and Salakhutdinov, Ruslan and Le, Quoc V},
  journal={arXiv preprint arXiv:1906.08237},
  year={2019}
}

@article{DBLP:journals/corr/abs-1905-12616,
  author    = {Rowan Zellers and
               Ari Holtzman and
               Hannah Rashkin and
               Yonatan Bisk and
               Ali Farhadi and
               Franziska Roesner and
               Yejin Choi},
  title     = {Defending Against Neural Fake News},
  journal   = {CoRR},
  volume    = {abs/1905.12616},
  year      = {2019},
  url       = {http://arxiv.org/abs/1905.12616},
  archivePrefix = {arXiv},
  eprint    = {1905.12616},
  timestamp = {Mon, 03 Jun 2019 13:42:33 +0200},
  biburl    = {https://dblp.org/rec/bib/journals/corr/abs-1905-12616},
  bibsource = {dblp computer science bibliography, https://dblp.org}
}
@article{zubiaga2018detection,
  title={Detection and resolution of rumours in social media: A survey},
  author={Zubiaga, Arkaitz and Aker, Ahmet and Bontcheva, Kalina and Liakata, Maria and Procter, Rob},
  journal={ACM Computing Surveys (CSUR)},
  volume={51},
  number={2},
  pages={32},
  year={2018}
}

@article{gunther2018fake,
  title={Fake news did have a significant impact on the vote in the 2016 election: Original full-length version with methodological appendix},
  author={Gunther, Richard and Beck, Paul A and Nisbet, Erik C},
  journal={Columbus, OH: Ohio State University},
  year={2018}
}

@article{DBLP:journals/corr/LiJH15,
  author    = {Jiwei Li and
               Dan Jurafsky and
               Eduard H. Hovy},
  title     = {When Are Tree Structures Necessary for Deep Learning of Representations?},
  journal   = {CoRR},
  volume    = {abs/1503.00185},
  year      = {2015},
  url       = {http://arxiv.org/abs/1503.00185},
  archivePrefix = {arXiv},
  eprint    = {1503.00185},
  timestamp = {Mon, 13 Aug 2018 16:47:42 +0200},
  biburl    = {https://dblp.org/rec/bib/journals/corr/LiJH15},
  bibsource = {dblp computer science bibliography, https://dblp.org}
}

@inproceedings{li-etal-2019-rumor,
    title = "Rumor Detection by Exploiting User Credibility Information, Attention and Multi-task Learning",
    author = "Li, Quanzhi  and
      Zhang, Qiong  and
      Si, Luo",
    booktitle = "Proceedings of the 57th Annual Meeting of the Association for Computational Linguistics",
    month = jul,
    year = "2019",
}

@article{DBLP:journals/corr/ChenWLZYW17,
  author    = {Tong Chen and
               Lin Wu and
               Xue Li and
               Jun Zhang and
               Hongzhi Yin and
               Yang Wang},
  title     = {Call Attention to Rumors: Deep Attention Based Recurrent Neural Networks
               for Early Rumor Detection},
  journal   = {CoRR},
  volume    = {abs/1704.05973},
  year      = {2017},
  url       = {http://arxiv.org/abs/1704.05973},
  archivePrefix = {arXiv},
  eprint    = {1704.05973},
  timestamp = {Mon, 13 Aug 2018 16:48:33 +0200},
  biburl    = {https://dblp.org/rec/bib/journals/corr/ChenWLZYW17},
  bibsource = {dblp computer science bibliography, https://dblp.org}
}

@misc{kochkina_liakata_zubiaga_2018, title={PHEME dataset for Rumour Detection and Veracity Classification}, url={https://figshare.com/articles/PHEME_dataset_for_Rumour_Detection_and_Veracity_Classification/6392078/1}, DOI={10.6084/m9.figshare.6392078.v1}, 
author={Kochkina, Elena and Liakata, Maria and Zubiaga, Arkaitz}, year={2018}, month={Jun}}