@article{hochreiter1997long,
  title={Long short-term memory},
  author={Hochreiter, Sepp and Schmidhuber, J{\"u}rgen},
  journal={Neural computation},
  volume={9},
  number={8},
  pages={1735--1780},
  year={1997},
  publisher={MIT Press}
}

@inproceedings{SSN2017ICCV,
  author    = {Yue Zhao and
               Yuanjun Xiong and
               Limin Wang and
               Zhirong Wu and
               Xiaoou Tang and
               Dahua Lin},
  title     = {Temporal Action Detection with Structured Segment Networks},
  booktitle   = {ICCV},
  year      = {2017},
}

@inproceedings{chu2015video,
  title={Video co-summarization: Video summarization by visual co-occurrence},
  author={Chu, Wen-Sheng and Song, Yale and Jaimes, Alejandro},
  booktitle={CVPR},
  year={2015}
}

@inproceedings{song2015tvsum,
  title={Tvsum: Summarizing web videos using titles},
  author={Song, Yale and Vallmitjana, Jordi and Stent, Amanda and Jaimes, Alejandro},
  booktitle={CVPR},
  year={2015}
}

@inproceedings{hasan2016learning,
  title={Learning temporal regularity in video sequences},
  author={Hasan, Mahmudul and Choi, Jonghyun and Neumann, Jan and Roy-Chowdhury, Amit K and Davis, Larry S},
  booktitle={CVPR},
  year={2016}
}

@inproceedings{chao2018rethinking,
  title={Rethinking the faster r-cnn architecture for temporal action localization},
  author={Chao, Yu-Wei and Vijayanarasimhan, Sudheendra and Seybold, Bryan and Ross, David A and Deng, Jia and Sukthankar, Rahul},
  booktitle={CVPR},
  year={2018}
}

@inproceedings{lin2017single,
  title={Single shot temporal action detection},
  author={Lin, Tianwei and Zhao, Xu and Shou, Zheng},
  booktitle={ACM MM},
  year={2017},
  organization={ACM}
}

@inproceedings{yao2016highlight,
  title={Highlight detection with pairwise deep ranking for first-person video summarization},
  author={Yao, Ting and Mei, Tao and Rui, Yong},
  booktitle={CVPR},
  year={2016}
}

@inproceedings{shou2018online,
  title={Online detection of action start in untrimmed, streaming videos},
  author={Shou, Zheng and Pan, Junting and Chan, Jonathan and Miyazawa, Kazuyuki and Mansour, Hassan and Vetro, Anthony and Giro-i-Nieto, Xavier and Chang, Shih-Fu},
  booktitle={ECCV},
  year={2018}
}

@inproceedings{sigurdsson2016hollywood,
  author = {Gunnar A. Sigurdsson and G{\"u}l Varol and Xiaolong Wang and Ali Farhadi and Ivan Laptev and Abhinav Gupta},
  title={Hollywood in Homes: Crowdsourcing Data Collection for Activity Understanding},
  booktitle={ECCV},
  year={2016},
}

@InProceedings{Simonyan15,
  author       = "Simonyan, K. and Zisserman, A.",
  title        = "Very Deep Convolutional Networks for Large-Scale Image Recognition",
  booktitle    = "ICLR",
  year         = "2015",
}

@inproceedings{tran2015learning,
  title={Learning spatiotemporal features with 3d convolutional networks},
  author={Tran, Du and Bourdev, Lubomir and Fergus, Rob and Torresani, Lorenzo and Paluri, Manohar},
  booktitle={ICCV},
  year={2015}
}

@inproceedings{zhang2019mm,
  title={Exploiting Temporal Relationships in Video Moment Localization with Natural Language},
  author={Zhang, Songyang and Su, Jinsong and Luo, Jiebo},
  booktitle={ACM MM},
  year={2019}
}

@inproceedings{sst_buch_cvpr17,
  author = {Shyamal Buch and Victor Escorcia and Chuanqi Shen and Bernard Ghanem and Juan Carlos Niebles},
  title = {{SST}: Single-Stream Temporal Action Proposals},
  year = {2017},
  booktitle = {CVPR}
  }
  
@inproceedings{pennington2014glove,
  author = {Jeffrey Pennington and Richard Socher and Christopher D. Manning},
  booktitle = {EMNLP},
  title = {GloVe: Global Vectors for Word Representation},
  year = {2014},
}

@inproceedings{gao2017tall,
  title={{TALL}: Temporal activity localization via language query},
  author={Gao, Jiyang and Sun, Chen and Yang, Zhenheng and Nevatia, Ram},
  booktitle={ICCV},
  year={2017}
}

@inproceedings{wang2018videos,
  title={Videos as space-time region graphs},
  author={Wang, Xiaolong and Gupta, Abhinav},
  booktitle={ECCV},
  year={2018}
}

@article{girdhar2018video,
  title={Video Action Transformer Network},
  author={Girdhar, Rohit and Carreira, Jo{\~a}o and Doersch, Carl and Zisserman, Andrew},
  journal={CVPR},
  year={2019}
}

@inproceedings{carreira2017quo,
  title={Quo vadis, action recognition? a new model and the kinetics dataset},
  author={Carreira, Joao and Zisserman, Andrew},
  booktitle={CVPR},
  year={2017}
}

@inproceedings{girshick2015fast,
  title={Fast r-cnn},
  author={Girshick, Ross},
  booktitle={ICCV},
  year={2015}
}

@article{herzig2018classifying,
  title={Classifying Collisions with Spatio-Temporal Action Graph Networks},
  author={Herzig, Roei and Levi, Elad and Xu, Huijuan and Brosh, Eli and Globerson, Amir and Darrell, Trevor},
  journal={arXiv preprint arXiv:1812.01233},
  year={2018}
}

@inproceedings{wang2019language,
  title={Language-driven Temporal Activity Localization: A Semantic Matching
Reinforcement Learning Model},
  author={Wang, Weining and Huang, Yan and Wang, Liang},
  booktitle={CVPR},
  year={2019}
}

@inproceedings{hu2019language,
  title={Language-Conditioned Graph Networks for Relational Reasoning},
  author={Hu, Ronghang and Rohrbach, Anna and Darrell, Trevor and Saenko, Kate},
  journal={arXiv preprint arXiv:1905.04405},
  year={2019}
}

@article{regneri2013grounding,
  title={Grounding action descriptions in videos},
  author={Regneri, Michaela and Rohrbach, Marcus and Wetzel, Dominikus and Thater, Stefan and Schiele, Bernt and Pinkal, Manfred},
  journal={TACL},
  year={2013},
  publisher={MIT Press}
}

@inproceedings{rohrbach2012script,
  title={Script data for attribute-based recognition of composite activities},
  author={Rohrbach, Marcus and Regneri, Michaela and Andriluka, Mykhaylo and Amin, Sikandar and Pinkal, Manfred and Schiele, Bernt},
  booktitle={ECCV},
  year={2012},
  organization={Springer}
}

@inproceedings{krishna2017dense,
    title={Dense-Captioning Events in Videos},
    author={Krishna, Ranjay and Hata, Kenji and Ren, Frederic and Fei-Fei, Li and Niebles, Juan Carlos},
    booktitle={ICCV},
    year={2017}
}

@inproceedings{zhang2019man,
  author = {Da Zhang and Xiyang Dai and Xin Wang and Yuan-Fang Wang and Larry S. Davis },
  title = {{MAN}: Moment Alignment Network for Natural Language Moment Retrieval via Iterative Graph Adjustment},
  booktitle={CVPR},
  year = {2019},
}

@inproceedings{Hahn2019tripping,
  author = {Hahn, Meera and Kadav, Asim and Rehg, James M and Graf, Hans Peter},
  title = {Tripping through time: Efficient Localization of Activities in Videos},
  booktitle={CVPR Workshop},
  year = {2019},
}

@inproceedings{liu2018tmn,
    title={Temporal Modular Networks for Retrieving Complex Compositional Activities in Videos},
    author={Liu, Bingbin and Yeung, Serena and Chou, Edward and Huang, De-An and Fei-Fei, Li and Niebles, Juan Carlos},
    booktitle={ECCV},
    year={2018}
}

@inproceedings{hendricks17iccv, 
        title = {Localizing Moments in Video With Natural Language},
        author = {Hendricks, Lisa Anne and Wang, Oliver and Shechtman, Eli and Sivic, Josef and Darrell, Trevor and Russell, Bryan}, 
       booktitle = {ICCV}, 
       year = {2017} 
}

@inproceedings{ghosh2019excl,
  title={{ExCL}: Extractive Clip Localization Using Natural Language Descriptions},
  author={Ghosh, Soham and Agarwal, Anuva and Parekh, Zarana and Hauptmann, Alexander},
  booktitle={NAACL},
  year={2019}
}

@inproceedings{xu2019multilevel,
title={Multilevel Language and Vision Integration for Text-to-Clip Retrieval.},
author={Xu, Huijuan and He, Kun and Plummer, Bryan A. and Sigal, Leonid and Sclaroff,
Stan and Saenko, Kate},
booktitle={AAAI},
year={2019}
}

@inproceedings{chen2019semantic,
title={Semantic Proposal for Activity Localization in Videos via Sentence Query},
author={Chen, Shaoxiang and Jiang, Yu-Gang},
booktitle={AAAI},
year={2019}
}

@inproceedings{yuan2019to,
title={To Find Where You Talk: Temporal Sentence Localization in Video
with Attention Based Location Regression},
author={Yuan, Yitian and Mei, Tao and Zhu, Wenwu},
booktitle={AAAI},
year={2019}
}

@InProceedings{Ge_2019_WACV,
  author = {Ge, Runzhou and Gao, Jiyang and Chen, Kan and Nevatia, Ram},
  title = {{MAC}: Mining Activity Concepts for Language-based Temporal Localization},
  booktitle = {WACV},
  year = {2019}
}

@inproceedings{wu2018multi,
  title={Multi-modal Circulant Fusion for Video-to-Language and Backward},
  author={Wu, Aming and Han, Yahong},
  booktitle={IJCAI},
  year={2018}
}

@inproceedings{liu2018attentive,
  title={Attentive moment retrieval in videos},
  author={Liu, Meng and Wang, Xiang and Nie, Liqiang and He, Xiangnan and Chen, Baoquan and Chua, Tat-Seng},
  booktitle={SIGIR},
  year={2018},
}

@inproceedings{chen2018temporally,
  title={Temporally Grounding Natural Sentence in Video},
  author={Chen, Jingyuan and Chen, Xinpeng and Ma, Lin and Jie, Zequn and Chua, Tat-Seng},
  booktitle={EMNLP},
  year={2018}
}

@inproceedings{liu2018crossmodal,
 author = {Liu, Meng and Wang, Xiang and Nie, Liqiang and Tian, Qi and Chen, Baoquan and Chua, Tat-Seng},
 title = {Cross-modal Moment Localization in Videos},
 booktitle = {ACM MM},
 year = {2018},
} 

@inproceedings{zhang2019cross,
  title={Cross-Modal Interaction Networks for Query-Based Moment Retrieval in Videos},
  author={Zhang, Zhu and Lin, Zhijie and Zhao, Zhou and Xiao, Zhenxin},
  booktitle={SIGIR},
  year={2019}
}

@inproceedings{dai2019tan,
  title={{TAN}: Temporal Aggregation Network for Dense Multi-label Action Recognition},
  author={Dai, Xiyang and Singh, Bharat and Ng, Joe Yue-Hei and Davis, Larry},
  booktitle={WACV},
  year={2019},
}

@inproceedings{shang2017video,
    author={Shang, Xindi and Ren, Tongwei and Guo, Jingfan and Zhang, Hanwang and Chua, Tat-Seng},
    title={Video Visual Relation Detection},
    booktitle={ACM MM},
    address={Mountain View, CA USA},
    month={October},
    year={2017}
}

@inproceedings{tsai2019video,
  title={Video Relationship Reasoning using Gated Spatio-Temporal Energy Graph},
  author={Tsai, Yao-Hung Hubert and Divvala, Santosh and Morency, Louis-Philippe and Salakhutdinov, Ruslan and Farhadi, Ali},
  booktitle={CVPR},
  year={2019}
}

@inproceedings{jiang2019cross,
 author = {Jiang, Bin and Huang, Xin and Yang, Chao and Yuan, Junsong},
 title = {Cross-Modal Video Moment Retrieval with Spatial and Language-Temporal Attention},
 booktitle = {ICMR},
 year = {2019},
 } 

@inproceedings{song2018val,
  title={{VAL}: Visual-Attention Action Localizer},
  author={Song, Xiaomeng and Han, Yahong},
  booktitle={PCM},
  year={2018},
}

@inproceedings{xiao2018simple,
    author={Xiao, Bin and Wu, Haiping and Wei, Yichen},
    title={Simple Baselines for Human Pose Estimation and Tracking},
    booktitle = {ECCV},
    year = {2018}
}

@inproceedings{tompson2014joint,
  title={Joint training of a convolutional network and a graphical model for human pose estimation},
  author={Tompson, Jonathan J and Jain, Arjun and LeCun, Yann and Bregler, Christoph},
  booktitle={NeuIPS},
  year={2014}
}

@inproceedings{hendricks18emnlp, 
        title = {Localizing Moments in Video with Temporal Language.}, 
        author = {Hendricks, Lisa Anne and Wang, Oliver and Shechtman, Eli and Sivic, Josef and Darrell, Trevor and Russell, Bryan}, 
        booktitle = {EMNLP}, 
        year = {2018} 
}

@InProceedings{Long_2019_CVPR,
author = {Long, Fuchen and Yao, Ting and Qiu, Zhaofan and Tian, Xinmei and Luo, Jiebo and Mei, Tao},
title = {Gaussian Temporal Awareness Networks for Action Localization},
booktitle = {CVPR},
year = {2019}
}

@InProceedings{Dai_2017_ICCV,
author = {Dai, Xiyang and Singh, Bharat and Zhang, Guyue and Davis, Larry S. and Qiu Chen, Yan},
title = {Temporal Context Network for Activity Localization in Videos},
booktitle = {ICCV},
month = {Oct},
year = {2017}
}

@InProceedings{Gao_2017_ICCV,
author = {Gao, Jiyang and Yang, Zhenheng and Chen, Kan and Sun, Chen and Nevatia, Ram}, 
title = {TURN TAP: Temporal Unit Regression Network for Temporal Action Proposals},
booktitle = {ICCV},
month = {Oct},
year = {2017} 
}

@inproceedings{piergiovanni2018super,
      title={Temporal Gaussian Mixture Layer for Videos},
      booktitle={ICML},
      author={AJ Piergiovanni and Michael S. Ryoo},
      year={2019}
}

@inproceedings{sstad_buch_bmvc17,
  author = {Shyamal Buch and Victor Escorcia and Bernard Ghanem and Li Fei-Fei and Juan Carlos Niebles},
  title = {End-to-End, Single-Stream Temporal Action Detection in Untrimmed Videos},
  year = {2017},
  booktitle = {BMVC}
}
  
@article{yeung2015end,
  title={End-to-end Learning of Action Detection from Frame Glimpses in Videos},
  author={Yeung, Serena and Russakovsky, Olga and Mori, Greg and Fei-Fei, Li},
  journal={CVPR},
  year={2016}
}

@paper{Huang18AAAI,
	author = {Jingjia Huang and Nannan Li and Tao Zhang and Ge Li and Tiejun Huang and Wen Gao},
	title = {SAP: Self-Adaptive Proposal Model for Temporal Action Detection Based on Reinforcement Learning},
	conference = {AAAI},
	year = {2018},
}

@inproceedings{escorcia2016daps,
  title={{DAPs}: Deep action proposals for action understanding},
  author={Escorcia, Victor and Heilbron, Fabian Caba and Niebles, Juan Carlos and Ghanem, Bernard},
  booktitle={ECCV},
  year={2016},
}

@inproceedings{lei2018tvqa,
  title={{TVQA}: Localized, Compositional Video Question Answering},
  author={Lei, Jie and Yu, Licheng and Bansal, Mohit and Berg, Tamara L},
  booktitle={EMNLP},
  year={2018}
}

@InProceedings{Shao_2018_ECCV,
author = {Shao, Dian and Xiong, Yu and Zhao, Yue and Huang, Qingqiu and Qiao, Yu and Lin, Dahua},
title = {Find and Focus: Retrieve and Localize Video Events with Natural Language Queries},
booktitle = {ECCV},
year = {2018}
}

@InProceedings{feng2018video,
  author = {Feng, Yang and Ma, Lin and Liu, Wei and Zhang, Tong and Luo, 
  Jiebo},
  title = {Video Re-localization},
  booktitle = {ECCV},
  year = {2018}
}

@inproceedings{gella2018dataset,
  title={A dataset for telling the stories of social media videos},
  author={Gella, Spandana and Lewis, Mike and Rohrbach, Marcus},
  booktitle={EMNLP},
  year={2018}
}

@article{kingma2014adam,
  title={Adam: A method for stochastic optimization},
  author={Kingma, Diederik P and Ba, Jimmy},
  journal={arXiv preprint arXiv:1412.6980},
  year={2014}
}

@inproceedings{vaswani2017attention,
  title={Attention is all you need},
  author={Vaswani, Ashish and Shazeer, Noam and Parmar, Niki and Uszkoreit, Jakob and Jones, Llion and Gomez, Aidan N and Kaiser, {\L}ukasz and Polosukhin, Illia},
  booktitle={NeuIPS},
  year={2017}
}