@inproceedings{huang2017snapshot,
  title={Snapshot ensembles: Train 1, get M for free},
  author={Huang, Gao and Li, Yixuan and Pleiss, Geoff and Liu, Zhuang and Hopcroft, John E and Weinberger, Kilian Q},
  booktitle={ICLR},
  year={2017}
}


@article{lin1991divergence,
  title={Divergence measures based on the Shannon entropy},
  author={Lin, Jianhua},
  journal={IEEE Transactions on Information theory},
  volume={37},
  number={1},
  pages={145--151},
  year={1991},
}

@inproceedings{kannan2018adversarial,
  title={Adversarial Logit Pairing},
  author={Kannan, Harini and Kurakin, Alexey and Goodfellow, Ian},
  booktitle={NIPS},
  year={2018}
}


@article{kurakin2018adversarial,
  title={Adversarial Attacks and Defences Competition},
  author={Kurakin, Alexey and Goodfellow, Ian and Bengio, Samy and Dong, Yinpeng and Liao, Fangzhou and Liang, Ming and Pang, Tianyu and Zhu, Jun and Hu, Xiaolin and Xie, Cihang and others},
  journal={arXiv preprint arXiv:1804.00097},
  year={2018}
}

@inproceedings{xie2018improving,
  title={Improving transferability of adversarial examples with input diversity},
  author={Xie, Cihang and Zhang, Zhishuai and Zhou, Yuyin and Bai, Song and Wang, Jianyu and Ren, Zhou and Yuille, Alan L},
  booktitle={CVPR},
  year={2019}
}

@inproceedings{madry2017towards,
  title={Towards deep learning models resistant to adversarial attacks},
  author={Madry, Aleksander and Makelov, Aleksandar and Schmidt, Ludwig and Tsipras, Dimitris and Vladu, Adrian},
  booktitle={ICLR},
  year={2018}
}

@inproceedings{dalvi2004adversarial,
  title={Adversarial classification},
  author={Dalvi, Nilesh and Domingos, Pedro and Sanghai, Sumit and Verma, Deepak and others},
  booktitle={Proceedings of the tenth ACM SIGKDD international conference on Knowledge discovery and data mining},
  year={2004}
}

@inproceedings{biggio2013evasion,
  title={Evasion attacks against machine learning at test time},
  author={Biggio, Battista and Corona, Igino and Maiorca, Davide and Nelson, Blaine and {\v{S}}rndi{\'c}, Nedim and Laskov, Pavel and Giacinto, Giorgio and Roli, Fabio},
  booktitle={ECML-PKDD},
  year={2013}
}

@inproceedings{huang2011adversarial,
  title={Adversarial machine learning},
  author={Huang, Ling and Joseph, Anthony D and Nelson, Blaine and Rubinstein, Benjamin IP and Tygar, JD},
  booktitle={AISec},
  year={2011}
}

@inproceedings{oord2016pixel,
  title={Pixel Recurrent Neural Networks},
  author={Van Oord, Aaron and Kalchbrenner, Nal and Kavukcuoglu, Koray},
  booktitle={ICML},
  year={2016}
}

@inproceedings{vincent2008extracting,
  title={Extracting and composing robust features with denoising autoencoders},
  author={Vincent, Pascal and Larochelle, Hugo and Bengio, Yoshua and Manzagol, Pierre-Antoine},
  booktitle={ICML},
  year={2008}
}

@inproceedings{song2017pixeldefend,
  title={PixelDefend: Leveraging Generative Models to Understand and Defend against Adversarial Examples},
  author={Song, Yang and Kim, Taesup and Nowozin, Sebastian and Ermon, Stefano and Kushman, Nate},
  booktitle={ICLR},
  year={2018}
}

@inproceedings{samangouei2018defensegan,
  title={Defense-{GAN}: Protecting Classifiers Against Adversarial Attacks Using Generative Models},
  author={Pouya Samangouei and Maya Kabkab and Rama Chellappa},
  booktitle={ICLR},
  year={2018},
}

@inproceedings{lin2017tactics,
  title={Tactics of adversarial attack on deep reinforcement learning agents},
  author={Lin, Yen-Chen and Hong, Zhang-Wei and Liao, Yuan-Hong and Shih, Meng-Li and Liu, Ming-Yu and Sun, Min},
  booktitle={IJCAI},
  year={2017}
}

@inproceedings{simo2015discriminative,
  title={Discriminative learning of deep convolutional feature point descriptors},
  author={Simo-Serra, Edgar and Trulls, Eduard and Ferraz, Luis and Kokkinos, Iasonas and Fua, Pascal and Moreno-Noguer, Francesc},
  booktitle={ICCV},
  year={2015}
}

@inproceedings{shrivastava2016training,
  title={Training region-based object detectors with online hard example mining},
  author={Shrivastava, Abhinav and Gupta, Abhinav and Girshick, Ross},
  booktitle={CVPR},
  year={2016}
}

@inproceedings{papernot2017practical,
  title={Practical black-box attacks against machine learning},
  author={Papernot, Nicolas and McDaniel, Patrick and Goodfellow, Ian and Jha, Somesh and Celik, Z Berkay and Swami, Ananthram},
  booktitle={AsiaCCS},
  year={2017}
}


@inproceedings{dong2017boosting,
  title={Boosting Adversarial Attacks with Momentum},
  author={Dong, Yinpeng and Liao, Fangzhou and Pang, Tianyu and Su, Hang and Hu, Xiaolin and Li, Jianguo and Zhu, Jun},
  booktitle={CVPR},
  year={2018}
}

@inproceedings{carlini2017adversarial,
  title={Adversarial examples are not easily detected: Bypassing ten detection methods},
  author={Carlini, Nicholas and Wagner, David},
  booktitle={AISec},
  year={2017}
}

@inproceedings{prakash2018deflecting,
  title={Deflecting adversarial attacks with pixel deflection},
  author={Prakash, Aaditya and Moran, Nick and Garber, Solomon and DiLillo, Antonella and Storer, James},
  booktitle={CVPR},
  year={2018}
}

@inproceedings{xie2017mitigating,
  title={Mitigating Adversarial Effects Through Randomization},
  author={Xie, Cihang and Wang, Jianyu and Zhang, Zhishuai and Ren, Zhou and Yuille, Alan},
  booktitle={ICLR},
  year={2018}
}

@inproceedings{guo2017countering,
  title={Countering Adversarial Images using Input Transformations},
  author={Guo, Chuan and Rana, Mayank and Ciss{\'e}, Moustapha and van der Maaten, Laurens},
  booktitle={ICLR},
  year={2018}
}

@inproceedings{s2018stochastic,
  title={Stochastic activation pruning for robust adversarial defense},
  author={Guneet S. Dhillon and Kamyar Azizzadenesheli and Jeremy D. Bernstein and Jean Kossaifi and Aran Khanna and Zachary C. Lipton and Animashree Anandkumar},
  booktitle={International Conference on Learning Representations},
  year={2018}
}

@article{srivastava2014dropout,
  title={Dropout: a simple way to prevent neural networks from overfitting},
  author={Srivastava, Nitish and Hinton, Geoffrey and Krizhevsky, Alex and Sutskever, Ilya and Salakhutdinov, Ruslan},
  journal={JMLR},
  volume={15},
  number={1},
  pages={1929--1958},
  year={2014}
}

@article{arnab2017robustness,
  title={On the Robustness of Semantic Segmentation Models to Adversarial Attacks},
  author={Arnab, Anurag and Miksik, Ondrej and Torr, Philip HS},
  booktitle={CVPR},
  year={2018}
}

@article{zhang2017single,
  title={Single-Shot Object Detection with Enriched Semantics},
  author={Zhang, Zhishuai and Qiao, Siyuan and Xie, Cihang and Shen, Wei and Wang, Bo and Yuille, Alan L},
  booktitle={CVPR},
  year={2018}
}


@article{wang2017visual,
  title={Visual concepts and compositional voting},
  author={Wang, Jianyu and Zhang, Zhishuai and Xie, Cihang and Zhou, Yuyin and Premachandran, Vittal and Zhu, Jun and Xie, Lingxi and Yuille, Alan},
  journal={Annals of Mathematical Sciences and Applications},
  volume={3},
  number={1},
  pages={151--188},
  year={2018},
}

@inproceedings{deng2009imagenet,
  title={Imagenet: A large-scale hierarchical image database},
  author={Deng, Jia and Dong, Wei and Socher, Richard and Li, Li-Jia and Li, Kai and Fei-Fei, Li},
  booktitle={CVPR},
  year={2009}
}

@inproceedings{he2016identity,
  title={Identity mappings in deep residual networks},
  author={He, Kaiming and Zhang, Xiangyu and Ren, Shaoqing and Sun, Jian},
  booktitle={ECCV},
  year={2016}
}

@inproceedings{szegedy2016rethinking,
  title={Rethinking the inception architecture for computer vision},
  author={Szegedy, Christian and Vanhoucke, Vincent and Ioffe, Sergey and Shlens, Jon and Wojna, Zbigniew},
  booktitle={CVPR},
  year={2016}
}

@inproceedings{krizhevsky2012imagenet,
  title={Imagenet classification with deep convolutional neural networks},
  author={Krizhevsky, Alex and Sutskever, Ilya and Hinton, Geoffrey E},
  booktitle={NIPS},
  year={2012}
}

@inproceedings{meng2017magnet,
  title={Magnet: a two-pronged defense against adversarial examples},
  author={Meng, Dongyu and Chen, Hao},
  booktitle={Proceedings of the 2017 ACM SIGSAC Conference on Computer and Communications Security},
  year={2017},
}


@inproceedings{tramer2017ensemble,
  title={Ensemble Adversarial Training: Attacks and Defenses},
  author={Tram{\`e}r, Florian and Kurakin, Alexey and Papernot, Nicolas and Boneh, Dan and McDaniel, Patrick},
  booktitle={ICLR},
  year={2018}
}

@inproceedings{szegedy2013intriguing,
  title={Intriguing properties of neural networks},
  author={Szegedy, Christian and Zaremba, Wojciech and Sutskever, Ilya and Bruna, Joan and Erhan, Dumitru and Goodfellow, Ian and Fergus, Rob},
  booktitle={ICLR},
  year={2014}
}

@inproceedings{papernot2016limitations,
  title={The limitations of deep learning in adversarial settings},
  author={Papernot, Nicolas and McDaniel, Patrick and Jha, Somesh and Fredrikson, Matt and Celik, Z Berkay and Swami, Ananthram},
  booktitle={EuroS\&P},
  year={2016}
}

@inproceedings{goodfellow2014explaining,
  title={Explaining and harnessing adversarial examples},
  author={Goodfellow, Ian J and Shlens, Jonathon and Szegedy, Christian},
  booktitle={ICLR},
  year={2015}
}

@inproceedings{moosavi2015deepfool,
  title={DeepFool: a simple and accurate method to fool deep neural networks},
  author={Moosavi-Dezfooli, Seyed-Mohsen and Fawzi, Alhussein and Frossard, Pascal},
  booktitle={CVPR},
  year={2016}
}

@inproceedings{nguyen2015deep,
  title={Deep neural networks are easily fooled: High confidence predictions for unrecognizable images},
  author={Nguyen, Anh and Yosinski, Jason and Clune, Jeff},
  booktitle={CVPR},
  year={2015}
}

@article{feinman2017detecting,
  title={Detecting Adversarial Samples from Artifacts},
  author={Feinman, Reuben and Curtin, Ryan R and Shintre, Saurabh and Gardner, Andrew B},
  journal={arXiv preprint arXiv:1703.00410},
  year={2017}
}

@inproceedings{simonyan2015very,
  title={Very deep convolutional networks for large-scale image recognition},
  author={Simonyan, Karen and Zisserman, Andrew},
  booktitle={ICLR},
  year={2015}
}


@article{abadi2016tensorflow,
  title={Tensorflow: Large-scale machine learning on heterogeneous distributed systems},
  author={Abadi, Mart{\'\i}n and Agarwal, Ashish and Barham, Paul and Brevdo, Eugene and Chen, Zhifeng and Citro, Craig and Corrado, Greg S and Davis, Andy and Dean, Jeffrey and Devin, Matthieu and others},
  journal={arXiv preprint arXiv:1603.04467},
  year={2016}
}

@inproceedings{szegedy2015going,
  title={Going deeper with convolutions},
  author={Szegedy, Christian and Liu, Wei and Jia, Yangqing and Sermanet, Pierre and Reed, Scott and Anguelov, Dragomir and Erhan, Dumitru and Vanhoucke, Vincent and Rabinovich, Andrew},
  booktitle={CVPR},
  year={2015}
}


@inproceedings{he2016deep,
  title={Deep residual learning for image recognition},
  author={He, Kaiming and Zhang, Xiangyu and Ren, Shaoqing and Sun, Jian},
  booktitle={CVPR},
  year={2016}
}

@inproceedings{kurakin2016adversarial,
  title={Adversarial examples in the physical world},
  author={Kurakin, Alexey and Goodfellow, Ian and Bengio, Samy},
  booktitle={ICLR Workshop},
  year={2017}
}

@inproceedings{kurakin2016scale,
  title={Adversarial Machine Learning at Scale},
  author={Kurakin, Alexey and Goodfellow, Ian and Bengio, Samy},
  booktitle={ICLR},
  year={2017}
}

@inproceedings{metzen2017detecting,
  title={On detecting adversarial perturbations},
  author={Metzen, Jan Hendrik and Genewein, Tim and Fischer, Volker and Bischoff, Bastian},
  booktitle={ICLR},
  year={2017}
}


@inproceedings{liu2016delving,
  title={Delving into Transferable Adversarial Examples and Black-box Attacks},
  author={Liu, Yanpei and Chen, Xinyun and Liu, Chang and Song, Dawn},
  booktitle={ICLR},
  year={2017}
}

@article{lou2016foveation,
  title={Foveation-based mechanisms alleviate adversarial examples},
  author={Luo, Yan and Boix, Xavier and Roig, Gemma and Poggio, Tomaso and Zhao, Qi},
  journal={arXiv preprint arXiv:1511.06292},
  year={2015}
}

@inproceedings{moosavi2016universal,
  title={Universal adversarial perturbations},
  author={Moosavi-Dezfooli, Seyed-Mohsen and Fawzi, Alhussein and Fawzi, Omar and Frossard, Pascal},
  booktitle={CVPR},
  year={2017}
}

@inproceedings{papernot2016distillation,
  title={Distillation as a defense to adversarial perturbations against deep neural networks},
  author={Papernot, Nicolas and McDaniel, Patrick and Wu, Xi and Jha, Somesh and Swami, Ananthram},
  booktitle={IEEE S\&P},
  year={2016}
}

@article{cisse2017houdini,
  title={Houdini: Fooling Deep Structured Prediction Models},
  author={Cisse, Moustapha and Adi, Yossi and Neverova, Natalia and Keshet, Joseph},
  journal={arXiv preprint arXiv:1707.05373},
  year={2017}
}


@inproceedings{xie2017adversarial,
    title={{Adversarial Examples for Semantic Segmentation and Object Detection}},
    author={Xie, Cihang and Wang, Jianyu and Zhang, Zhishuai and Zhou, Yuyin and Xie, Lingxi and Yuille, Alan},
    Booktitle={ICCV},
    year={2017}
}

@inproceedings{zheng2015conditional,
  title={Conditional random fields as recurrent neural networks},
  author={Zheng, Shuai and Jayasumana, Sadeep and Romera-Paredes, Bernardino and Vineet, Vibhav and Su, Zhizhong and Du, Dalong and Huang, Chang and Torr, Philip HS},
  Booktitle={ICCV},
  year={2015}
}

@inproceedings{huang2016densely,
  title={Densely Connected Convolutional Networks.},
  author={Huang, Gao and Liu, Zhuang and Van Der Maaten, Laurens and Weinberger, Kilian Q},
  booktitle={CVPR},
  year={2017}
}

@inproceedings{Girshick_2015_Fast,
  title={Fast R-CNN},
  author={Girshick, Ross},
  booktitle={ICCV},
  year={2015}
}

@inproceedings{Ren_2015_Faster,
  title={Faster r-cnn: Towards real-time object detection with region proposal networks},
  author={Ren, Shaoqing and He, Kaiming and Girshick, Ross and Sun, Jian},
  booktitle={NIPS},
  year={2015}
}

@inproceedings{Girshick_2014_Rich,
  title={Rich feature hierarchies for accurate object detection and semantic segmentation},
  author={Girshick, Ross and Donahue, Jeff and Darrell, Trevor and Malik, Jitendra},
  booktitle={CVPR},
  year={2014}
}

@inproceedings{Long_2015_Fully,
  title={Fully convolutional networks for semantic segmentation},
  author={Long, Jonathan and Shelhamer, Evan and Darrell, Trevor},
  booktitle={CVPR},
  year={2015}
}

@article{Chen_2016_DeepLab,
  title={Deeplab: Semantic image segmentation with deep convolutional nets, atrous convolution, and fully connected crfs},
  author={Chen, Liang-Chieh and Papandreou, George and Kokkinos, Iasonas and Murphy, Kevin and Yuille, Alan L},
  journal={TPAMI},
  volume={40},
  number={4},
  pages={834--848},
  year={2018},
}

@article{fischer2017adversarial,
  title={Adversarial Examples for Semantic Image Segmentation},
  author={Fischer, Volker and Kumar, Mummadi Chaithanya and Metzen, Jan Hendrik and Brox, Thomas},
  year={2017}
}

@inproceedings{carlini2016towards,
  title={Towards evaluating the robustness of neural networks},
  author={Carlini, Nicholas and Wagner, David},
  booktitle={IEEE S\&P},
  year={2017}
}

@inproceedings{szegedy2017inception,
  title={Inception-v4, Inception-ResNet and the Impact of Residual Connections on Learning},
  author={Szegedy, Christian and Ioffe, Sergey and Vanhoucke, Vincent and Alemi, Alexander A},
  booktitle={AAAI},
  year={2017}
}

@article{papernot2016cleverhans,
  title={cleverhans v1.0.0: an adversarial machine learning library},
  author={Papernot, Nicolas and Goodfellow, Ian and Sheatsley, Ryan and Feinman, Reuben and McDaniel, Patrick},
  journal={arXiv preprint arXiv:1610.00768},
  year={2016}
}

@article{papernot2018cleverhans,
  title={cleverhans v2.1.0: an adversarial machine learning library},
  author={Nicolas Papernot and Fartash Faghri and Nicholas Carlini and
  Ian Goodfellow and Reuben Feinman and Alexey Kurakin and Cihang Xie and
  Yash Sharma and Tom Brown and Aurko Roy and Alexander Matyasko and
  Vahid Behzadan and Karen Hambardzumyan and Zhishuai Zhang and
  Yi-Lin Juang and Zhi Li and Ryan Sheatsley and Abhibhav Garg and 
  Jonathan Uesato and Willi Gierke and Yinpeng Dong and David Berthelot and
  Paul Hendricks and Jonas Rauber and Rujun Long and Patrick McDaniel},
  journal={arXiv preprint arXiv:1610.00768},
  year={2018}
 }

@inproceedings{baluja2017adversarial,
  title={Learning to attack: Adversarial transformation networks},
  author={Baluja, Shumeet and Fischer, Ian},
  booktitle={AAAI},
  year={2018}
}

@inproceedings{zhang2017deepvoting,
  title={DeepVoting: A Robust and Explainable Deep Network for Semantic Part Detection Under Partial Occlusion},
  author={Zhang, Zhishuai and Xie, Cihang and Wang, Jianyu and Xie, Lingxi and Yuille, Alan L},
  booktitle={CVPR},
  year={2018}
}

@inproceedings{dai2016r,
  title={R-fcn: Object detection via region-based fully convolutional networks},
  author={Dai, Jifeng and Li, Yi and He, Kaiming and Sun, Jian},
  booktitle={NIPS},
  year={2016}
}

@inproceedings{biggio2012poisoning,
  title={Poisoning attacks against Support Vector Machines},
  author={Biggio, Battista and Laskov, Pavel},
  booktitle={ICML},
  year={2012}
}

@inproceedings{koh2017understanding,
  title={Understanding Black-box Predictions via Influence Functions},
  author={Koh, Pang Wei and Liang, Percy},
  booktitle={International Conference on Machine Learning},
  year={2017}
}

@inproceedings{poursaeed2017generative,
  title={Generative Adversarial Perturbations},
  author={Poursaeed, Omid and Katsman, Isay and Gao, Bicheng and Belongie, Serge},
  booktitle={CVPR},
  year={2017}
}

@inproceedings{xiao2018generating,
  title={Generating adversarial examples with adversarial networks},
  author={Xiao, Chaowei and Li, Bo and Zhu, Jun-Yan and He, Warren and Liu, Mingyan and Song, Dawn},
  booktitle={IJCAI},
  year={2018}
}

@inproceedings{goodfellow2014generative,
  title={Generative adversarial nets},
  author={Goodfellow, Ian and Pouget-Abadie, Jean and Mirza, Mehdi and Xu, Bing and Warde-Farley, David and Ozair, Sherjil and Courville, Aaron and Bengio, Yoshua},
  booktitle={NIPS},
  year={2014}
}

@inproceedings{ioffe2015batch,
  title={Batch Normalization: Accelerating Deep Network Training by Reducing Internal Covariate Shift},
  author={Ioffe, Sergey and Szegedy, Christian},
  booktitle={ICML},
  year={2015}
}

@inproceedings{nair2010rectified,
  title={Rectified linear units improve restricted boltzmann machines},
  author={Nair, Vinod and Hinton, Geoffrey E},
  booktitle={ICML},
  year={2010}
}

@inproceedings{veit2018convolutional,
  title={Convolutional Networks with Adaptive Inference Graphs},
  author={Veit, Andreas and Belongie, Serge},
  booktitle={ECCV},
  year={2018}
}

@inproceedings{veit2016residual,
  title={Residual networks behave like ensembles of relatively shallow networks},
  author={Veit, Andreas and Wilber, Michael J and Belongie, Serge},
  booktitle={NIPS},
  year={2016}
}

@article{papernot2016transferability,
  title={Transferability in machine learning: from phenomena to black-box attacks using adversarial samples},
  author={Papernot, Nicolas and McDaniel, Patrick and Goodfellow, Ian},
  journal={arXiv preprint arXiv:1605.07277},
  year={2016}
}

@inproceedings{bhagoji2018practical,
  title={Practical Black-Box Attacks on Deep Neural Networks Using Efficient Query Mechanisms},
  author={Bhagoji, Arjun Nitin and He, Warren and Li, Bo and Song, Dawn},
  booktitle={ECCV},
  year={2018},
}

@inproceedings{chen2017zoo,
  title={Zoo: Zeroth order optimization based black-box attacks to deep neural networks without training substitute models},
  author={Chen, Pin-Yu and Zhang, Huan and Sharma, Yash and Yi, Jinfeng and Hsieh, Cho-Jui},
  booktitle={Proceedings of the 10th ACM Workshop on Artificial Intelligence and Security},
  year={2017},
}

@InProceedings{Zhou_2018_ECCV,
author = {Zhou, Wen and Hou, Xin and Chen, Yongjun and Tang, Mengyun and Huang, Xiangqi and Gan, Xiang and Yang, Yong},
title = {Transferable Adversarial Perturbations},
booktitle = {ECCV},
year = {2018}
}

@article{guo2018low,
  title={Low Frequency Adversarial Perturbation},
  author={Guo, Chuan and Frank, Jared S and Weinberger, Kilian Q},
  journal={arXiv preprint arXiv:1809.08758},
  year={2018}
}

@InProceedings{Liu_2018_ECCV,
author = {Liu, Xuanqing and Cheng, Minhao and Zhang, Huan and Hsieh, Cho-Jui},
title = {Towards Robust Neural Networks via Random Self-ensemble},
booktitle = {ECCV},
year = {2018}
}

@inproceedings{liao2018defense,
  title={Defense against adversarial attacks using high-level representation guided denoiser},
  author={Liao, Fangzhou and Liang, Ming and Dong, Yinpeng and Pang, Tianyu and Hu, Xiaolin and Zhu, Jun},
  booktitle={CVPR},
  year={2018}
}

@article{bai2019adversarial,
  title={Adversarial Metric Attack for Person Re-identification},
  author={Bai, Song and Li, Yingwei and Zhou, Yuyin and Li, Qizhu and Torr, Philip HS},
  journal={arXiv preprint arXiv:1901.10650},
  year={2019}
}

@article{tang2019robust,
  title={Robust Graph Neural Network Against Poisoning Attacks via Transfer Learning},
  author={Tang, Xianfeng and Li, Yandong and Sun, Yiwei and Yao, Huaxiu and Mitra, Prasenjit and Wang, Suhang},
  journal={arXiv preprint arXiv:1908.07558},
  year={2019}
}

@article{sun2019node,
  title={Node Injection Attacks on Graphs via Reinforcement Learning},
  author={Sun, Yiwei and Wang, Suhang and Tang, Xianfeng and Hsieh, Tsung-Yu and Honavar, Vasant},
  journal={arXiv preprint arXiv:1909.06543},
  year={2019}
}

@inbook{li2019volumetric,
author = {Li, Yingwei and Zhu, Zhuotun and Zhou, Yuyin and Xia, Yingda and Shen, Wei and Fishman, Elliot and Yuille, Alan},
year = {2019},
month = {09},
pages = {69-91},
title = {Volumetric Medical Image Segmentation: A 3D Deep Coarse-to-Fine Framework and Its Adversarial Examples},
isbn = {978-3-030-13968-1},
doi = {10.1007/978-3-030-13969-8_4}
}