@article{mnih2015human,
  title={Human-level control through deep reinforcement learning},
  author={Mnih, Volodymyr and Kavukcuoglu, Koray and Silver, David and Rusu, Andrei A and Veness, Joel and Bellemare, Marc G and Graves, Alex and Riedmiller, Martin and Fidjeland, Andreas K and Ostrovski, Georg and others},
  journal={Nature},
  volume={518},
  number={7540},
  pages={529},
  year={2015},
  publisher={Nature Publishing Group}
}

@inproceedings{glorot2011deep,
  title={Deep sparse rectifier neural networks},
  author={Glorot, Xavier and Bordes, Antoine and Bengio, Yoshua},
  booktitle={Proceedings of the fourteenth international conference on artificial intelligence and statistics},
  pages={315--323},
  year={2011}
}


@inproceedings{lu2017ensemble,
  title={Ensemble sampling},
  author={Lu, Xiuyuan and Van Roy, Benjamin},
  booktitle={Advances in neural information processing systems},
  pages={3258--3266},
  year={2017}
}


@article{srivastava2014dropout,
  title={Dropout: a simple way to prevent neural networks from overfitting},
  author={Srivastava, Nitish and Hinton, Geoffrey and Krizhevsky, Alex and Sutskever, Ilya and Salakhutdinov, Ruslan},
  journal={The journal of machine learning research},
  volume={15},
  number={1},
  pages={1929--1958},
  year={2014},
  publisher={JMLR. org}
}


@inproceedings{gal2016dropout,
  title={Dropout as a bayesian approximation: Representing model uncertainty in deep learning},
  author={Gal, Yarin and Ghahramani, Zoubin},
  booktitle={international conference on machine learning},
  pages={1050--1059},
  year={2016}
}


@article{fortunato2017noisy,
  title={Noisy networks for exploration},
  author={Fortunato, Meire and Azar, Mohammad Gheshlaghi and Piot, Bilal and Menick, Jacob and Osband, Ian and Graves, Alex and Mnih, Vlad and Munos, Remi and Hassabis, Demis and Pietquin, Olivier and others},
  journal={arXiv preprint arXiv:1706.10295},
  year={2017}
}



@article{touati2018randomized,
  title={Randomized value functions via multiplicative normalizing flows},
  author={Touati, Ahmed and Satija, Harsh and Romoff, Joshua and Pineau, Joelle and Vincent, Pascal},
  journal={arXiv preprint arXiv:1806.02315},
  year={2018}
}


@article{o2017uncertainty,
  title={The uncertainty bellman equation and exploration},
  author={O'Donoghue, Brendan and Osband, Ian and Munos, Remi and Mnih, Volodymyr},
  journal={arXiv preprint arXiv:1709.05380},
  year={2017}
}


@article{deng2016deep,
  title={Deep direct reinforcement learning for financial signal representation and trading},
  author={Deng, Yue and Bao, Feng and Kong, Youyong and Ren, Zhiquan and Dai, Qionghai},
  journal={IEEE transactions on neural networks and learning systems},
  volume={28},
  number={3},
  pages={653--664},
  year={2016},
  publisher={IEEE}
}



@inproceedings{frogner2015learning,
  title={Learning with a Wasserstein loss},
  author={Frogner, Charlie and Zhang, Chiyuan and Mobahi, Hossein and Araya, Mauricio and Poggio, Tomaso A},
  booktitle={Advances in Neural Information Processing Systems},
  pages={2053--2061},
  year={2015}
}

@misc{338Notes,
  author = {Van Roy, Benjamin},
  title = {On Value Function Learning},
  howpublished = {\url{https://web.stanford.edu/class/msande338/ObservePredictAct.pdf}},
  note = {Accessed: 2019-06-11}
}


@article{thompson1933likelihood,
  title={On the likelihood that one unknown probability exceeds another in view of the evidence of two samples},
  author={Thompson, William R},
  journal={Biometrika},
  volume={25},
  number={3/4},
  pages={285--294},
  year={1933},
  publisher={JSTOR}
}


@article{osband2019bsuite,
         title={Behaviour Suite for Reinforcement Learning},
         author={Osband, Ian and
                 Doron, Yotam and
                 Hessel, Matteo and
                 Aslanides, John and
                 Sezener, Eren and
                 Saraiva, Andre and
                 McKinney, Katrina and
                 Lattimore, Tor and
                 {Sz}epesv{\'a}ri, Csaba and
                 Singh, Satinder and
                 Van Roy, Benjamin and
                 Sutton, Richard and
                 Silver, David and
                 van Hasselt, Hado},
         year={2019},
}


@article{tan2019cooperative,
  title={Cooperative deep reinforcement learning for large-scale traffic grid signal control},
  author={Tan, Tian and Bao, Feng and Deng, Yue and Jin, Alex and Dai, Qionghai and Wang, Jie},
  journal={IEEE transactions on cybernetics},
  year={2019},
  publisher={IEEE}
}

@article{he2015deep,
  title={Deep reinforcement learning with a natural language action space},
  author={He, Ji and Chen, Jianshu and He, Xiaodong and Gao, Jianfeng and Li, Lihong and Deng, Li and Ostendorf, Mari},
  journal={arXiv preprint arXiv:1511.04636},
  year={2015}
}


@article{van2016coordinated,
  title={Coordinated deep reinforcement learners for traffic light control},
  author={Van der Pol, Elise and Oliehoek, Frans A},
  journal={Proceedings of Learning, Inference and Control of Multi-Agent Systems (at NIPS 2016)},
  year={2016}
}

@inproceedings{kingma2016improved,
  title={Improved variational inference with inverse autoregressive flow},
  author={Kingma, Durk P and Salimans, Tim and Jozefowicz, Rafal and Chen, Xi and Sutskever, Ilya and Welling, Max},
  booktitle={Advances in neural information processing systems},
  pages={4743--4751},
  year={2016}
}

@inproceedings{nalisnick2016approximate,
  title={Approximate inference for deep latent gaussian mixtures},
  author={Nalisnick, Eric and Hertel, Lars and Smyth, Padhraic},
  booktitle={NIPS Workshop on Bayesian Deep Learning},
  volume={2},
  year={2016}
}


@article{rezende2015variational,
  title={Variational inference with normalizing flows},
  author={Rezende, Danilo Jimenez and Mohamed, Shakir},
  journal={arXiv preprint arXiv:1505.05770},
  year={2015}
}

@inproceedings{guez2012efficient,
  title={Efficient Bayes-adaptive reinforcement learning using sample-based search},
  author={Guez, Arthur and Silver, David and Dayan, Peter},
  booktitle={Advances in neural information processing systems},
  pages={1025--1033},
  year={2012}
}

@inproceedings{strens2000bayesian,
  title={A Bayesian framework for reinforcement learning},
  author={Strens, Malcolm},
  booktitle={ICML},
  volume={2000},
  pages={943--950},
  year={2000}
}

@inproceedings{osband2017posterior,
  title={Why is posterior sampling better than optimism for reinforcement learning?},
  author={Osband, Ian and Van Roy, Benjamin},
  booktitle={Proceedings of the 34th International Conference on Machine Learning-Volume 70},
  pages={2701--2710},
  year={2017},
  organization={JMLR. org}
}


@inproceedings{perez2008kullback,
  title={Kullback-Leibler divergence estimation of continuous distributions},
  author={P{\'e}rez-Cruz, Fernando},
  booktitle={2008 IEEE international symposium on information theory},
  pages={1666--1670},
  year={2008},
  organization={IEEE}
}

@article{osband2017deep,
  title={Deep exploration via randomized value functions},
  author={Osband, Ian and Van Roy, Benjamin and Russo, Daniel and Wen, Zheng},
  journal={arXiv preprint arXiv:1703.07608},
  year={2017}
}


@book{sutton2018reinforcement,
  title={Reinforcement learning: An introduction},
  author={Sutton, Richard S and Barto, Andrew G},
  year={2018},
  publisher={MIT press}
}


@inproceedings{osband2016deep,
  title={Deep exploration via bootstrapped DQN},
  author={Osband, Ian and Blundell, Charles and Pritzel, Alexander and Van Roy, Benjamin},
  booktitle={Advances in neural information processing systems},
  pages={4026--4034},
  year={2016}
}

@inproceedings{devroye1986sample,
  title={Sample-based non-uniform random variate generation},
  author={Devroye, Luc},
  booktitle={Proceedings of the 18th conference on Winter simulation},
  pages={260--265},
  year={1986},
  organization={ACM}
}

@article{kingma2013auto,
  title={Auto-encoding variational bayes},
  author={Kingma, Diederik P and Welling, Max},
  journal={arXiv preprint arXiv:1312.6114},
  year={2013}
}

@inproceedings{casale2018gaussian,
  title={Gaussian Process Prior Variational Autoencoders},
  author={Casale, Francesco Paolo and Dalca, Adrian and Saglietti, Luca and Listgarten, Jennifer and Fusi, Nicolo},
  booktitle={Advances in Neural Information Processing Systems},
  pages={10369--10380},
  year={2018}
}

@article{tomczak2017vae,
  title={VAE with a VampPrior},
  author={Tomczak, Jakub M and Welling, Max},
  journal={arXiv preprint arXiv:1705.07120},
  year={2017}
}

@inproceedings{osband2018randomized,
  title={Randomized prior functions for deep reinforcement learning},
  author={Osband, Ian and Aslanides, John and Cassirer, Albin},
  booktitle={Advances in Neural Information Processing Systems},
  pages={8617--8629},
  year={2018}
}

@article{sriperumbudur2012empirical,
  title={On the empirical estimation of integral probability metrics},
  author={Sriperumbudur, Bharath K and Fukumizu, Kenji and Gretton, Arthur and Sch{\"o}lkopf, Bernhard and Lanckriet, Gert RG and others},
  journal={Electronic Journal of Statistics},
  volume={6},
  pages={1550--1599},
  year={2012},
  publisher={The Institute of Mathematical Statistics and the Bernoulli Society}
}S

@article{ghavamzadeh2015bayesian,
  title={Bayesian reinforcement learning: A survey},
  author={Ghavamzadeh, Mohammad and Mannor, Shie and Pineau, Joelle and Tamar, Aviv and others},
  journal={Foundations and Trends{\textregistered} in Machine Learning},
  volume={8},
  number={5-6},
  pages={359--483},
  year={2015},
  publisher={Now Publishers, Inc.}
}

@article{russo2018tutorial,
  title={A tutorial on Thompson sampling},
  author={Russo, Daniel J and Van Roy, Benjamin and Kazerouni, Abbas and Osband, Ian and Wen, Zheng},
  journal={Foundations and Trends{\textregistered} in Machine Learning},
  volume={11},
  number={1},
  pages={1--96},
  year={2018},
  publisher={Now Publishers, Inc.}
}

@inproceedings{posteriorsampling2019,
    title = {Posterior Sampling Networks},
    author={Dwaracherla, Vikranth R and Van Roy, Benjamin and Ibrahimi, Morteza},
    booktitle={Reinforcement Learning and Decision Making Conference},
    pages={366--370},
    year={2019}
}

@inproceedings{agrawal2012analysis,
  title={Analysis of thompson sampling for the multi-armed bandit problem},
  author={Agrawal, Shipra and Goyal, Navin},
  booktitle={Conference on Learning Theory},
  pages={39--1},
  year={2012}
}

@article{russo2015much,
  title={How much does your data exploration overfit? controlling bias via information usage},
  author={Russo, Daniel and Zou, James},
  journal={arXiv preprint arXiv:1511.05219},
  year={2015}
}