@inproceedings{Jones2020,
  title = {Behind the Mask: A Computational Study of {Anonymous}' Presence on {Twitter}},
  author = {Jones, Keenan and Nurse, Jason~R.~C. and Li, Shujun},
  booktitle = {Proceedings of the 14th International AAAI Conference on Web and Social Media},
  pages = {327--338},
  year = {2020},
  publisher = {AAAI},
}

@article{Lindgren2014,
author={Stoehrel, Rodrigo~Ferrada and Lindgren, Simon},
title={For the {Lulz}: {Anonymous}, Aesthetics and Affect},
journal={Journal for a Global Sustainable Information Society},
volume = {12},
number = {1},
year = {2014},
pages = {238--264},
}

@article{Uitermark2017,
author = {Justus Uitermark},
title = {Complex Contention: Analyzing Power Dynamics Within {Anonymous}},
journal = {Social Movement Studies},
volume = {16},
number = {4},
pages = {403--417},
year  = {2017},
}

@article{Goode2015,
author = {Luke Goode},
title = {{Anonymous} and the Political Ethos of Hacktivism},
journal = {Popular Communication},
volume = {13},
number = {1},
pages = {74-86},
year  = {2015},
}

@book{Olson2013,
author = {Parmy Olson}, 
title={We Are {Anonymous}},
publisher={William Heinemann},
year = {2013},
isbn = {9780434022083},
}

% Not cited
@misc{BBC2020,
author = {{BBC}},
title = {{Black Lives Matter} Founders: We fought to change history and we won},
howpublished = {BBC News},
year = {2020},
url = {https://www.bbc.co.uk/news/world-us-canada-55106268},
note = {Accessed: 01-10-2021},
}

% Not cited
@misc{BBC2020BLMTimeline,
author = {{BBC}},
title = {{George Floyd} Death: {US} Protests Timeline},
howpublished = {BBC News},
year = {2020},
url = {https://www.bbc.co.uk/news/world-us-canada-52921418},
note = {Accessed: 05-15-2021},
}

% Not cited
@misc{BBC2020Anon,
author = {Molloy, David and Tidy, Joe},
title = {{George Floyd}: {Anonymous} hackers re-emerge amid {US} unrest},
howpublished = {BBC News},
year = {2020},
url = {https://www.bbc.co.uk/news/technology-52879000},
note = {Accessed: 05-15-2021},
}

@misc{IBT2016,
author = {Jason Murdock},
title = {{Anonymous} declares `day of solidarity' with {Black Lives Matter} to protest police brutality},
howpublished = {International Business Times},
year = {2016},
url = {https://www.ibtimes.co.uk/anonymous-declares-day-solidarity-black-lives-matter-protest-police-brutality-1569983},
note = {Accessed: 05-15-2021},
}

@misc{Independant2020,
author = {Andrew Griffin},
title = {`{Anonymous}' Activists Return With Hugely Popular Messages of Support for {George Floyd} Protests},
howpublished = {Independent},
year = {2020},
url = {https://www.independent.co.uk/life-style/gadgets-and-tech/news/anonymous-george-floyd-black-lives-matter-facebook-twitter-video-k-pop-a9542666.html},
note = {Accessed: 05-15-2021},
}

@misc{AJC2020,
author = {Burns, Asia Simone},
title = {{Atlanta} police site goes down, hacker group claims responsibility},
howpublished = {The Atlanta Journal-Constitution},
year = {2020},
url = {https://www.ajc.com/news/breaking-news/hacker-group-claims-responsibility-after-apd-website-goes-offline/pYHBqHERBqPYqzPuC5tTxL/},
note = {Accessed: 05-15-2021},
}

@incollection{Nurse2018,
author = {Nurse, Jason~R.~C. and Bada, Maria},
title = {The Group Element of Cybercrime: Types, Dynamics, and Criminal Operations},
booktitle = {The Oxford Handbook of Cyberpsychology},
publisher = {Oxford University Press},
year = {2018},
pages = {691--716},
}

@article{Benigni2017,
author = {Benigni, Matthew~C. and Joseph, Kenneth and Carley, Kathleen~M.},
journal = {PLOS ONE},
title = {Online extremism and the communities that sustain it: Detecting the {ISIS} supporting community on {Twitter}},
year = {2017},
volume = {12},
pages = {1--23},
number = {12},
}

@inproceedings{Gensim,
title = {Software Framework for Topic Modelling with Large Corpora},
author = {Radim {\v R}eh{\r u}{\v r}ek and Petr Sojka},
booktitle = {Proceedings of the LREC 2010 Workshop on New Challenges for NLP Frameworks},
pages = {45--50},
year = {2010},
}

@inproceedings{Greene2014,
author = {Greene, Derek and O'Callaghan, Derek and Cunningham, P{\'{a}}draig},
booktitle = {Proceedings of the 2014 Joint European Conference on Machine Learning and Knowledge Discovery in Databases},
pages = {498--513},
publisher = {Springer},
title = {How Many Topics? Stability Analysis for Topic Models},
year = {2014},
}

@misc{TwitterAPI,
author = {{Twitter, Inc.}},
year = {2020},
title = {{Twitter} {API}},
howpublished = {Web page},
url = {https://developer.twitter.com/en/docs/twitter-api},
note = {Accessed: 05-15-2021},
}

@misc{NYT2020,
author = {Buchanan, Larry},
howpublished = {The New York Times},
title = {{Black Lives Matter} May Be the Largest Movement in {U.S.} History},
url = {https://www.nytimes.com/interactive/2020/07/03/us/george-floyd-protests-crowd-size.html},
year = {2020},
note = {Accessed: 05-15-2021},
}

@misc{Guardian2020BLM,
author = {Benwell, Max},
howpublished = {The Guardian},
title = {{Gushers?} {Witches}? and ...\ {Mitt Romney}? The surprise coalition backing {Black Lives Matter}},
url = {https://www.theguardian.com/us-news/2020/jun/11/black-lives-matter-surprise-supporters-mitt-romney-gushers-elmo},
year = {2020},
note = {Accessed: 05-15-2021},
}

@misc{AlJazeera2020,
author = {{Al Jazeera Media Network}},
title = {A timeline of the {George Floyd} and anti-police brutality protests},
howpublished = {Al Jazeera},
url = {https://www.aljazeera.com/news/2020/06/11/a-timeline-of-the-george-floyd-and-anti-police-brutality-protests/},
year = {2020},
note = {Accessed: 05-15-2021},
}

%Not cited
@misc{Guardian2020KPop,
author = {McCurry, Justin},
howpublished = {The Guardian},
title = {How {US} {K-Pop} Fans Became a Political Force to be Reckoned With},
url = {https://www.theguardian.com/music/2020/jun/24/how-us-k-pop-fans-became-a-political-force-to-be-reckoned-with-blm-donald-trump},
year = {2020},
note = {Accessed: 05-15-2021},
}

@article{Porter2018,
author = {Porter, Kyle},
journal = {Digital Investigation},
publisher = {Elsevier},
title = {Analyzing the {DarkNetMarkets} Subreddit for Evolutions of Tools and Trends Using {LDA} Topic Modeling},
year = {2018},
volume={26},
pages={S87--S89},
}

@article{Kigerl2018,
author = {Kigerl, Alex},
journal = {Social Science Computer Review},
number = {5},
pages = {591--609},
publisher = {SAGE},
title = {Profiling Cybercriminals: Topic Model Clustering of Carding Forum Member Comment Histories},
volume = {36},
year = {2018},
}

% not cited
@inproceedings{Hughes2019,
author = {Hughes, Jack and Collier, Ben and Hutchings, Alice},
booktitle = {Proceedings of the 2019 APWG Symposium on Electronic Crime Research},
publisher = {IEEE},
title = {From playing games to committing crimes: A multi-technique approach to predicting key actors on an online gaming forum},
year = {2019},
pages={1--12},
}

@article{Carney2016,
  title={All Lives Matter, But So Does Race: {Black Lives Matter} and the Evolving Role of Social Media},
  author={Carney, Nikita},
  journal={Humanity \& Society},
  volume={40},
  number={2},
  pages={180--199},
  year={2016},
  publisher={SAGE},
}

@inproceedings{Varol2017,
  title={Online Human-Bot Interactions: Detection, Estimation, and Characterization},
  author={Varol, Onur and Ferrara, Emilio and Davis, Clayton B and Menczer, Filippo and Flammini, Alessandro},
  booktitle={Proceedings of the 11th International AAAI Conference on Web and Social Media},
  publisher = {AAAI},
  pages={280--289},
  year={2017},
}

@article{Rauchfleisch2020,
author = {Rauchfleisch, Adrian and Kaiser, Jonas},
journal = {PLOS ONE},
title = {The false positive problem of automatic bot detection in social science research},
year = {2020},
volume = {15},
number = {10},
articleno = {e0241045},
}

@misc{Telegraph2020,
author = {Murphy, Margi},
howpublished = {The Telegraph},
title = {Hacking group {Anonymous} has returned for {George Floyd} protests â€“- or has it?},
url = {https://www.telegraph.co.uk/technology/2020/06/05/hacking-group-anonymous-has-returned-george-floyd-protests/},
year = {2020},
note = {Accessed: 05-15-2021},
}

%Not cited
@inproceedings{Fernquist2018,
  title={Political Bots and the {Swedish} General Election},
  author={Fernquist, Johan and Kaati, Lisa and Schroeder, Ralph},
  booktitle={Proceedings of the 2018 IEEE International Conference on Intelligence and Security Informatics},
  pages={124--129},
  year={2018},
  publisher={IEEE},
}

@article{Ferrara2020,
  title={What types of {COVID}-19 conspiracies are populated by {Twitter} bots?},
  author={Ferrara, Emilio},
  journal={First Monday},
  year={2020},
  volume={25},
  number={6},
}

@inproceedings{Tian2020,
  title={Quasi-Experimental Designs for Assessing Response on Social Media to Policy Changes},
  author={Tian, Yijun and Chunara, Rumi},
  booktitle={Proceedings of the 14th International AAAI Conference on Web and Social Media},
  publisher = {AAAI},
  pages={671--682},
  year={2020},
}

%Not cited
@inproceedings{Badawy2018,
  title={Analyzing the Digital Traces of Political Manipulation: The 2016 {Russian} Interference {Twitter} Campaign},
  author={Badawy, Adam and Ferrara, Emilio and Lerman, Kristina},
  booktitle={Proceedings of the 2018 IEEE/ACM International Conference on Advances in Social Networks Analysis and Mining},
  pages={258--265},
  year={2018},
  publisher={IEEE},
}

%Not cited
@article{Li2016,
  title={Identifying and Profiling Key Sellers in Cyber Carding Community: {AZSecure} Text Mining System},
  author={Li, Weifeng and Chen, Hsinchun and Nunamaker Jr, Jay~F.},
  journal={Journal of Management Information Systems},
  volume={33},
  number={4},
  pages={1059--1086},
  year={2016},
}

%Not cited
@inproceedings{Ilyas2020,
  title={Analyzing {Brexit}'s Impact Using Sentiment Analysis and Topic Modeling on {Twitter} Discussion},
  author={Ilyas, Sardar Haider Waseem and Soomro, Zainab Tariq and Anwar, Ahmed and Shahzad, Hamza and Yaqub, Ussama},
  booktitle={Proceedings of the 21st Annual International Conference on Digital Government Research},
  pages={1--6},
  year={2020},
  publisher = {ACM},
}

%Not cited
@inproceedings{Ramteke2016,
  title={Election Result Prediction Using {Twitter} Sentiment Analysis},
  author={Ramteke, Jyoti and Shah, Samarth and Godhia, Darshan and Shaikh, Aadil},
  booktitle={Proceedings of the 2016 International Conference on Inventive Computation Technologies},
  pages={1--5},
  year={2016},
  publisher={IEEE},
}

%Not cited
@inproceedings{Roder2015,
author = {R{\"{o}}der, Michael and Both, Andreas and Hinneburg, Alexander},
booktitle = {Proceedings of the 8th ACM International Conference on Web Search and Data Mining},
pages = {399--408},
publisher = {ACM},
title = {Exploring the Space of Topic Coherence Measures},
year = {2015},
}

@inproceedings{Syed2017,
  title={Full-text or Abstract? Examining Topic Coherence Scores Using Latent {Dirichlet} Allocation},
  author={Syed, Shaheen and Spruit, Marco},
  booktitle={Proceedings of the 2017 IEEE International Conference on Data science and Advanced Analytics},
  pages={165--174},
  year={2017},
  publisher={IEEE},
}

@inproceedings{Gilbert2014,
  title={{VADER}: A Parsimonious Rule-Based Model for Sentiment Analysis of Social Media Text},
  author={Hutto, C.~J. and Gilbert, Eric},
  booktitle={Proceedings of the 8th International AAAI Conference on Weblogs and Social Media},
  pages={216--225},
  year={2014},
  publisher={AAAI},
}

%Not cited
@inproceedings{Aslan2018,
 author = {Aslan, \c{C}a\u{g}r\i~B. and Sa\u{g}lam, Rahime~Belen and Li, Shujun},
 title = {Automatic Detection of Cyber Security Related Accounts on Online Social Networks: {Twitter} as an Example},
 booktitle = {Proceedings of the 9th International Conference on Social Media and Society},
 year = {2018},
 pages = {236--240},
 publisher={ACM},
}

%Not cited
@inproceedings{Mehrotra2016,
  title={Detection of Fake {Twitter} Followers Using Graph Centrality Measures},
  author={Mehrotra, Ashish and Sarreddy, Mallidi and Singh, Sanjay},
  booktitle={Proceedings of the 2nd International Conference on Contemporary Computing and Informatics},
  pages={499--504},
  year={2016},
  publisher={IEEE},
}

%Not cited
@article{Cresci2015,
  title={Fame For Sale: Efficient Detection of Fake {Twitter} Followers},
  author={Cresci, Stefano and Di Pietro, Roberto and Petrocchi, Marinella and Spognardi, Angelo and Tesconi, Maurizio},
  journal={Decision Support Systems},
  volume={80},
  pages={56--71},
  year={2015},
}

%Not cited
@inproceedings{Pacheco2020,
  title={Uncovering Coordinated Networks on Social Media},
  author={Pacheco, Diogo and Hui, Pik-Mai and Torres-Lugo, Christopher and Truong, Bao Tran and Flammini, Alessandro and Menczer, Filippo},
  year={2020},
  url = {https://arxiv.org/abs/2001.05658},
  note = {Arxiv.org},
}

%Not cited
@misc{Papasavva2020,
author = {Papasavva, Antonis and Blackburn, Jeremy and Stringhini, Gianluca and Zannettou, Savvas and {De Cristofaro}, Emiliano},
title = {``Is it a Qoincidence?": A First Step Towards Understanding and Characterizing the {QAnon} Movement on {Voat.co}},
howpublished = {arXiv:2009.04885v3},
year = {2020},
url = {https://arxiv.org/abs/2009.04885},
note = {Accessed: 05-15-2021},
}

@phdthesis{Beraldo2017,
author = {Davide Beraldo},
title = {Contentious Branding: Reassembling Social Movements Through Digital Mediators},
school = {University of Amsterdam},
year = {2017},
url = {https://dare.uva.nl/search?identifier=a293284c-257a-43d2-a26d-e5cb3eaa4e8d},
}

@article{McGovern2020,
author = {McGovern, Virginia and Fortin, Francis},
journal = {Women and Criminal Justice},
title = {The {Anonymous} Collective: Operations and Gender Differences},
year = {2020},
volume = {30},
pages = {91--105},
number = {2},
}

@article{Pedregosa2011,
 author = {Pedregosa, Fabian and Varoquaux, Ga\"{e}l and Gramfort, Alexandre and Michel, Vincent and Thirion, Bertrand and Grisel, Olivier and Blondel, Mathieu and Prettenhofer, Peter and Weiss, Ron and Dubourg, Vincent and Vanderplas, Jake and Passos, Alexandre and Cournapeau, David and Brucher, Matthieu and Perrot, Matthieu and Duchesnay, \'{E}douard},
 title = {{Scikit-learn}: Machine Learning in {Python}},
 journal = {Journal of Machine Learning Research},
 volume = {12},
 year = {2011},
 pages = {2825--2830},
} 

@misc{Verge2016,
author = {Brandom, Russell},
howpublished = {The Verge},
title = {{Anonymous} groups attacked {Black Lives Matter} website for six months},
url = {https://www.theverge.com/2016/12/14/13951762/anonymous-black-lives-matter-ddos-attack-six-months-hacktivism},
year = {2016},
note = {Accessed: 05-15-2021},
}

@misc{TwitterDev,
author = {{Twitter, Inc.}},
year = {2021},
title = {{Twitter} Developer Policy},
howpublished = {Web page},
url = {https://developer.twitter.com/en/developer-terms/policy#c-respect-users-control-and-privacy},
note = {Accessed: 05-15-2021},
}

%Not cited
@misc{Atlantic2020,
author = {Beran, Beran},
howpublished = {The Atlantic},
title = {The Return of {Anonymous}},
url = {https://www.theatlantic.com/technology/archive/2020/08/hacker-group-anonymous-returns/615058/},
year = {2020},
note = {Accessed: 05-15-2021},
}