% Encoding: UTF-8

@Article{liu2020energy,
  author  = {Liu, Weitang and Wang, Xiaoyun and Owens, John and Li, Yixuan},
  journal = {Advances in Neural Information Processing Systems},
  title   = {Energy-based Out-of-distribution Detection},
  year    = {2020},
  volume  = {33},
}

@InProceedings{liang2018enhancing,
  author    = {Liang, Shiyu and Li, Yixuan and Srikant, R},
  booktitle = {International Conference on Learning Representations},
  title     = {Enhancing The Reliability of Out-of-distribution Image Detection in Neural Networks},
  year      = {2018},
}

@InProceedings{hendrycks2018deep,
  author    = {Hendrycks, Dan and Mazeika, Mantas and Dietterich, Thomas},
  booktitle = {International Conference on Learning Representations},
  title     = {Deep Anomaly Detection with Outlier Exposure},
  year      = {2018},
}

@misc{techapanurak2019hyperparameter,
  author  = {Techapanurak, Engkarat and Suganuma, Masanori and Okatani, Takayuki},
  eprint = {1905.10628},
  archivePrefix = {arXiv},
  title   = {Hyperparameter-free out-of-distribution detection using softmax of scaled cosine similarity},
  year    = {2019},
}

@InProceedings{neumann18relaxed,
  author    = {Luk{\'{a}}s Neumann and Andrew Zisserman and Andrea Vedaldi},
  booktitle = {{NeurIPS} Workshop on Machine Learning for Intelligent Transportation Systems},
  title     = {Relaxed Softmax: Efficient Confidence Auto-Calibration for Safe Pedestrian Detection},
  year      = {2018},
}

@InProceedings{lee2018simple,
  author    = {Lee, Kimin and Lee, Kibok and Lee, Honglak and Shin, Jinwoo},
  booktitle = {Proceedings of the 32nd International Conference on Neural Information Processing Systems},
  title     = {A simple unified framework for detecting out-of-distribution samples and adversarial attacks},
  year      = {2018},
  pages     = {7167--7177},
}

@InProceedings{chang2020data,
  author    = {Chang, Jie and Lan, Zhonghao and Cheng, Changmao and Wei, Yichen},
  booktitle = {Proceedings of the IEEE/CVF Conference on Computer Vision and Pattern Recognition},
  title     = {Data uncertainty learning in face recognition},
  year      = {2020},
  pages     = {5710--5719},
}

@InProceedings{hsu2020generalized,
  author    = {Hsu, Yen-Chang and Shen, Yilin and Jin, Hongxia and Kira, Zsolt},
  booktitle = {Proceedings of the IEEE/CVF Conference on Computer Vision and Pattern Recognition},
  title     = {Generalized odin: Detecting out-of-distribution image without learning from out-of-distribution data},
  year      = {2020},
  pages     = {10951--10960},
}

@InProceedings{kendall2017uncertainties,
  author    = {Kendall, Alex and Gal, Yarin},
  booktitle = {Proceedings of the 31st International Conference on Neural Information Processing Systems},
  title     = {What uncertainties do we need in Bayesian deep learning for computer vision?},
  year      = {2017},
  pages     = {5580--5590},
}

@InProceedings{shi2019probabilistic,
  author    = {Shi, Yichun and Jain, Anil K},
  booktitle = {Proceedings of the IEEE/CVF International Conference on Computer Vision},
  title     = {Probabilistic face embeddings},
  year      = {2019},
  pages     = {6902--6911},
}

@InProceedings{deng2019arcface,
  author    = {Deng, Jiankang and Guo, Jia and Xue, Niannan and Zafeiriou, Stefanos},
  booktitle = {Proceedings of the IEEE/CVF Conference on Computer Vision and Pattern Recognition},
  title     = {Arcface: Additive angular margin loss for deep face recognition},
  year      = {2019},
  pages     = {4690--4699},
}

@InProceedings{wang2018cosface,
  author    = {Wang, Hao and Wang, Yitong and Zhou, Zheng and Ji, Xing and Gong, Dihong and Zhou, Jingchao and Li, Zhifeng and Liu, Wei},
  booktitle = {Proceedings of the IEEE conference on computer vision and pattern recognition},
  title     = {Cosface: Large margin cosine loss for deep face recognition},
  year      = {2018},
  pages     = {5265--5274},
}

@InProceedings{zhang2019adacos,
  author    = {Zhang, Xiao and Zhao, Rui and Qiao, Yu and Wang, Xiaogang and Li, Hongsheng},
  booktitle = {Proceedings of the IEEE/CVF Conference on Computer Vision and Pattern Recognition},
  title     = {Adacos: Adaptively scaling cosine logits for effectively learning deep face representations},
  year      = {2019},
  pages     = {10823--10832},
}

@misc{hinton2015distilling,
  author  = {Hinton, Geoffrey and Vinyals, Oriol and Dean, Jeff},
  eprint = {1503.02531},
  archivePrefix = {arXiv},
  title   = {Distilling the knowledge in a neural network},
  year    = {2015},
}

@InProceedings{guo2017calibration,
  author       = {Guo, Chuan and Pleiss, Geoff and Sun, Yu and Weinberger, Kilian Q},
  booktitle    = {International Conference on Machine Learning},
  title        = {On calibration of modern neural networks},
  year         = {2017},
  organization = {PMLR},
  pages        = {1321--1330},
}

@InProceedings{tolstikhin2018wasserstein,
  author    = {Tolstikhin, Ilya and Bousquet, Olivier and Gelly, Sylvain and Schoelkopf, Bernhard},
  booktitle = {International Conference on Learning Representations},
  title     = {Wasserstein Auto-Encoders},
  year      = {2018},
}

@misc{theobald2021bayesian,
  author  = {Theobald, Claire and Pennerath, Fr{\'e}d{\'e}ric and Conan-Guez, Brieuc and Couceiro, Miguel and Napoli, Amedeo},
  eprint = {2102.01968},
  archivePrefix = {arXiv},
  title   = {A Bayesian Neural Network based on Dropout Regulation},
  year    = {2021},
}

@InProceedings{gal2016dropout,
  author       = {Gal, Yarin and Ghahramani, Zoubin},
  booktitle    = {international conference on machine learning},
  title        = {Dropout as a bayesian approximation: Representing model uncertainty in deep learning},
  year         = {2016},
  organization = {PMLR},
  pages        = {1050--1059},
}

@InProceedings{kingma2014auto,
  author    = {Diederik P. Kingma and Max Welling},
  booktitle = {2nd International Conference on Learning Representations, {ICLR} 2014, Banff, AB, Canada, April 14-16, 2014, Conference Track Proceedings},
  title     = {Auto-Encoding Variational Bayes},
  year      = {2014},
  bibsource = {dblp computer science bibliography, https://dblp.org},
  biburl    = {https://dblp.org/rec/journals/corr/KingmaW13.bib},
  timestamp = {Thu, 04 Apr 2019 13:20:07 +0200},
  url       = {http://arxiv.org/abs/1312.6114},
}

@InProceedings{wen2016discriminative,
  author       = {Wen, Yandong and Zhang, Kaipeng and Li, Zhifeng and Qiao, Yu},
  booktitle    = {European conference on computer vision},
  title        = {A discriminative feature learning approach for deep face recognition},
  year         = {2016},
  organization = {Springer},
  pages        = {499--515},
}

@InProceedings{schroff2015facenet,
  author    = {Schroff, Florian and Kalenichenko, Dmitry and Philbin, James},
  booktitle = {Proceedings of the IEEE conference on computer vision and pattern recognition},
  title     = {Facenet: A unified embedding for face recognition and clustering},
  year      = {2015},
  pages     = {815--823},
}

@InProceedings{liu2017sphereface,
  author    = {Liu, Weiyang and Wen, Yandong and Yu, Zhiding and Li, Ming and Raj, Bhiksha and Song, Le},
  booktitle = {Proceedings of the IEEE conference on computer vision and pattern recognition},
  title     = {Sphereface: Deep hypersphere embedding for face recognition},
  year      = {2017},
  pages     = {212--220},
}

@InProceedings{klare2015pushing,
  author    = {Klare, Brendan F and Klein, Ben and Taborsky, Emma and Blanton, Austin and Cheney, Jordan and Allen, Kristen and Grother, Patrick and Mah, Alan and Jain, Anil K},
  booktitle = {Proceedings of the IEEE conference on computer vision and pattern recognition},
  title     = {Pushing the frontiers of unconstrained face detection and recognition: Iarpa janus benchmark a},
  year      = {2015},
  pages     = {1931--1939},
}

@InProceedings{maze2018iarpa,
  author       = {Maze, Brianna and Adams, Jocelyn and Duncan, James A and Kalka, Nathan and Miller, Tim and Otto, Charles and Jain, Anil K and Niggel, W Tyler and Anderson, Janet and Cheney, Jordan and others},
  booktitle    = {2018 International Conference on Biometrics (ICB)},
  title        = {Iarpa janus benchmark-c: Face dataset and protocol},
  year         = {2018},
  organization = {IEEE},
  pages        = {158--165},
}

@InProceedings{kalka2018ijb,
  author       = {Kalka, Nathan D and Maze, Brianna and Duncan, James A and Oâ€™Connor, Kevin and Elliott, Stephen and Hebert, Kaleb and Bryan, Julia and Jain, Anil K},
  booktitle    = {2018 IEEE 9th International Conference on Biometrics Theory, Applications and Systems (BTAS)},
  title        = {IJB--S: IARPA Janus surveillance video benchmark},
  year         = {2018},
  organization = {IEEE},
  pages        = {1--9},
}

@InProceedings{shi2016deep,
  author       = {Shi, Wu and Loy, Chen Change and Tang, Xiaoou},
  booktitle    = {European conference on computer vision},
  title        = {Deep specialized network for illuminant estimation},
  year         = {2016},
  organization = {Springer},
  pages        = {371--387},
}

@InProceedings{wang2020suppressing,
  author    = {Wang, Kai and Peng, Xiaojiang and Yang, Jianfei and Lu, Shijian and Qiao, Yu},
  booktitle = {Proceedings of the IEEE/CVF Conference on Computer Vision and Pattern Recognition},
  title     = {Suppressing uncertainties for large-scale facial expression recognition},
  year      = {2020},
  pages     = {6897--6906},
}

@InProceedings{shafaei2019less,
  author    = {Shafaei, Alireza and Schmidt, Mark and Little, James},
  booktitle = {Proceedings of the British Machine Vision Conference (BMVC)},
  title     = {A less biased evaluation of ood sample detectors},
  year      = {2019},
}

@InProceedings{blundell2015weight,
  author       = {Blundell, Charles and Cornebise, Julien and Kavukcuoglu, Koray and Wierstra, Daan},
  booktitle    = {International Conference on Machine Learning},
  title        = {Weight uncertainty in neural network},
  year         = {2015},
  organization = {PMLR},
  pages        = {1613--1622},
}

@InProceedings{nguyen2015deep,
  author    = {Nguyen, Anh and Yosinski, Jason and Clune, Jeff},
  booktitle = {Proceedings of the IEEE conference on computer vision and pattern recognition},
  title     = {Deep neural networks are easily fooled: High confidence predictions for unrecognizable images},
  year      = {2015},
  pages     = {427--436},
}

@InProceedings{moosavi2017universal,
  author    = {Moosavi-Dezfooli, Seyed-Mohsen and Fawzi, Alhussein and Fawzi, Omar and Frossard, Pascal},
  booktitle = {Proceedings of the IEEE conference on computer vision and pattern recognition},
  title     = {Universal adversarial perturbations},
  year      = {2017},
  pages     = {1765--1773},
}

@misc{yi2014learning,
  author  = {Yi, Dong and Lei, Zhen and Liao, Shengcai and Li, Stan Z},
  eprint = {1411.7923},
  archivePrefix = {arXiv},
  title   = {Learning face representation from scratch},
  year    = {2014},
}

@InProceedings{moschoglou2017agedb,
  author    = {Moschoglou, Stylianos and Papaioannou, Athanasios and Sagonas, Christos and Deng, Jiankang and Kotsia, Irene and Zafeiriou, Stefanos},
  booktitle = {Proceedings of the IEEE Conference on Computer Vision and Pattern Recognition Workshops},
  title     = {Agedb: the first manually collected, in-the-wild age database},
  year      = {2017},
  pages     = {51--59},
}

@InProceedings{sengupta2016frontal,
  author       = {Sengupta, Soumyadip and Chen, Jun-Cheng and Castillo, Carlos and Patel, Vishal M and Chellappa, Rama and Jacobs, David W},
  booktitle    = {2016 IEEE Winter Conference on Applications of Computer Vision (WACV)},
  title        = {Frontal to profile face verification in the wild},
  year         = {2016},
  organization = {IEEE},
  pages        = {1--9},
}

@InProceedings{huang2008labeled,
  author    = {Huang, Gary B and Mattar, Marwan and Berg, Tamara and Learned-Miller, Eric},
  booktitle = {Workshop on faces in'Real-Life'Images: detection, alignment, and recognition},
  title     = {Labeled faces in the wild: A database forstudying face recognition in unconstrained environments},
  year      = {2008},
}

@InProceedings{kemelmacher2016megaface,
  author    = {Kemelmacher-Shlizerman, Ira and Seitz, Steven M and Miller, Daniel and Brossard, Evan},
  booktitle = {Proceedings of the IEEE conference on computer vision and pattern recognition},
  title     = {The megaface benchmark: 1 million faces for recognition at scale},
  year      = {2016},
  pages     = {4873--4882},
}

@InProceedings{guo2016ms,
  author       = {Guo, Yandong and Zhang, Lei and Hu, Yuxiao and He, Xiaodong and Gao, Jianfeng},
  booktitle    = {European conference on computer vision},
  title        = {Ms-celeb-1m: A dataset and benchmark for large-scale face recognition},
  year         = {2016},
  organization = {Springer},
  pages        = {87--102},
}

@InProceedings{he2016deep,
  author    = {He, Kaiming and Zhang, Xiangyu and Ren, Shaoqing and Sun, Jian},
  booktitle = {Proceedings of the IEEE conference on computer vision and pattern recognition},
  title     = {Deep residual learning for image recognition},
  year      = {2016},
  pages     = {770--778},
}

@InProceedings{hu2018squeeze,
  author    = {Hu, Jie and Shen, Li and Sun, Gang},
  booktitle = {Proceedings of the IEEE conference on computer vision and pattern recognition},
  title     = {Squeeze-and-excitation networks},
  year      = {2018},
  pages     = {7132--7141},
}

@InProceedings{li2017reliable,
  author       = {Li, Shan and Deng, Weihong and Du, JunPing},
  booktitle    = {2017 IEEE Conference on Computer Vision and Pattern Recognition (CVPR)},
  title        = {Reliable Crowdsourcing and Deep Locality-Preserving Learning for Expression Recognition in the Wild},
  year         = {2017},
  organization = {IEEE},
  pages        = {2584--2593},
}

@Comment{jabref-meta: databaseType:bibtex;}

@inproceedings{meng2021magface,
  title={Magface: A universal representation for face recognition and quality assessment},
  author={Meng, Qiang and Zhao, Shichao and Huang, Zhida and Zhou, Feng},
  booktitle={Proceedings of the IEEE/CVF Conference on Computer Vision and Pattern Recognition},
  pages={14225--14234},
  year={2021}
}


@misc{zheng2017cross,
  title={Cross-age lfw: A database for studying cross-age face recognition in unconstrained environments},
  author={Zheng, Tianyue and Deng, Weihong and Hu, Jiani},
  eprint={1708.08197},
  archivePrefix = {arXiv},
  year={2017}
}

@techreport{zheng2018cross,
  author =       {T. Zheng and W. Deng},
  title =        {Cross-pose LFW: A database for studying cross-pose face recognition in unconstrained environments},
  institution =  {Beijing University of Posts and Telecommunications},
  year =         {2018},
  number =       {18-01},
  month =        {February}
}

@inproceedings{cao2018vggface2,
  title={Vggface2: A dataset for recognising faces across pose and age},
  author={Cao, Qiong and Shen, Li and Xie, Weidi and Parkhi, Omkar M and Zisserman, Andrew},
  booktitle={2018 13th IEEE international conference on automatic face \& gesture recognition (FG 2018)},
  pages={67--74},
  year={2018},
  organization={IEEE}
}

@misc{deepglint,
  author = {DeepGlint},
  title = {DeepGlint},
  howpublished = {\url{http://trillionpairs.deepglint.com/data}},
  year={2020},
  note = "Accessed: 2020-09-01"
}

@inproceedings{kim2022adaface,
  title={AdaFace: Quality Adaptive Margin for Face Recognition},
  author={Kim, Minchul and Jain, Anil K and Liu, Xiaoming},
  booktitle={Proceedings of the IEEE/CVF Conference on Computer Vision and Pattern Recognition},
  year={2022}
}