% few-shot classification
@inproceedings{closerfewshot,
  author    = {Chen, Wei-Yu and Liu, Yen-Cheng and Kira, Zsolt and Wang, Yu-Chiang and  Huang, Jia-Bin},
  title     = {A Closer Look at Few-shot Classification},
  booktitle = {Intl. Conf. on Learning Representations},
  year      = {2019}
}
@inproceedings{matching-net,
  author    = {Vinyals, Oriol and Blundell, Charles and Lillicrap, Timothy and kavukcuoglu, koray and Wierstra, Daan},
  booktitle = {Advances in Neural Information Processing Systems},
  title     = {Matching Networks for One Shot Learning},
  year      = {2016}
}
@inproceedings{imprint,
  author    = {Qi, Hang and Brown, Matthew and Lowe, David G.},
  title     = {Low-Shot Learning With Imprinted Weights},
  booktitle = {IEEE Conf. on Computer Vision and Pattern Recognition (CVPR)},
  month     = {June},
  year      = {2018}
}
@inproceedings{local_desc,
  author    = {Li, Wenbin and Wang, Lei and Xu, Jinglin and Huo, Jing and Gao, Yang and Luo, Jiebo},
  title     = {Revisiting Local Descriptor Based Image-To-Class Measure for Few-Shot Learning},
  booktitle = {IEEE Conf. on Computer Vision and Pattern Recognition (CVPR)},
  month     = {June},
  year      = {2019}
}
@inproceedings{protonet,
  author    = {Snell, Jake and Swersky, Kevin and Zemel, Richard},
  booktitle = {Advances in Neural Information Processing Systems},
  pages     = {4077--4087},
  title     = {Prototypical Networks for Few-shot Learning},
  year      = {2017}
}
@inproceedings{maml,
  title     = {{Model-Agnostic} {Meta-Learning} for Fast Adaptation of Deep Networks},
  author    = {Chelsea Finn and Pieter Abbeel and Sergey Levine},
  booktitle = {Proc. of the 34th Intl. Conf. on Machine Learning},
  year      = {2017}
}
@inproceedings{relation-net,
  author    = {Sung, Flood and Yang, Yongxin and Zhang, Li and Xiang, Tao and Torr, Philip H.S. and Hospedales, Timothy M.},
  title     = {Learning to {Compare:} {R}elation Network for Few-Shot Learning},
  booktitle = {IEEE Conf. on Computer Vision and Pattern Recognition (CVPR)},
  month     = {June},
  year      = {2018}
}
@inproceedings{nonforget,
  title={Dynamic Few-Shot Visual Learning without Forgetting},
  author={Gidaris, Spyros and Komodakis, Nikos},
  booktitle = {IEEE Conf. on Computer Vision and Pattern Recognition (CVPR)},
  year={2018}
}
% detection
@inproceedings{yolo1,
  author    = {Redmon, Joseph and Divvala, Santosh and Girshick, Ross and Farhadi, Ali},
  title     = {{You Only Look Once:} {U}nified, Real-Time Object Detection},
  booktitle = {IEEE Conf. on Computer Vision and Pattern Recognition (CVPR)},
  month     = {June},
  year      = {2016}
}
@inproceedings{yolo2,
  author    = {Redmon, Joseph and Farhadi, Ali},
  title     = {{YOLO9000:} {B}etter, {F}aster, {S}tronger},
  booktitle = {IEEE Conf. on Computer Vision and Pattern Recognition (CVPR)},
  month     = {July},
  year      = {2017}
}
@article{yolo3,
  author    = {Joseph Redmon and
               Ali Farhadi},
  title     = {{YOLOv3:} {A}n {I}ncremental {I}mprovement},
  journal   = {CoRR},
  volume    = {abs/1804.02767},
  year      = {2018},
  url       = {http://arxiv.org/abs/1804.02767},
  archivePrefix = {arXiv},
  eprint    = {1804.02767}
}
@inproceedings{ssd,
  author    = {Liu, Wei
and Anguelov, Dragomir
and Erhan, Dumitru
and Szegedy, Christian
and Reed, Scott
and Fu, Cheng-Yang
and Berg, Alexander C.},
  title     = {{SSD:} {S}ingle Shot {MultiBox} Detector},
  booktitle = {Computer Vision -- ECCV},
  year      = {2016},
  pages     = {21--37}
}

@article{faster-rcnn,
  title   = {Faster R-CNN: Towards Real-Time Object Detection with Region Proposal Networks},
  author  = {Shaoqing Ren and Kaiming He and Ross B. Girshick and J. Sun},
  journal = {IEEE Transactions on Pattern Analysis and Machine Intelligence},
  year    = {2015}
}

@article{fast-rcnn,
  title   = {Fast {R-CNN}},
  author  = {Ross B. Girshick},
  journal = {IEEE Intl. Conf. on Computer Vision (ICCV)},
  year    = {2015}
}
@inproceedings{rcnn,
  author    = {R. {Girshick} and J. {Donahue} and T. {Darrell} and J. {Malik}},
  booktitle = {IEEE Conf. on Computer Vision and Pattern Recognition (CVPR)},
  title     = {Rich Feature Hierarchies for Accurate Object Detection and Semantic Segmentation},
  year      = {2014},
  pages     = {580-587}
}
@inproceedings{fpn,
  author    = {T. {Lin} and P. {Dollár} and R. {Girshick} and K. {He} and B. {Hariharan} and S. {Belongie}},
  booktitle = {IEEE Conf. on Computer Vision and Pattern Recognition (CVPR)},
  title     = {Feature {Pyramid} {Networks} for Object Detection},
  year      = {2017},
  pages     = {936-944}
}
@INPROCEEDINGS{retinanet,
  author={T. {Lin} and P. {Goyal} and R. {Girshick} and K. {He} and P. {Dollár}},
  booktitle={IEEE Intl. Conf. on Computer Vision (ICCV)}, 
  title={Focal {Loss} for Dense Object Detection}, 
  year={2017},
  pages={2999-3007},
 }
@INPROCEEDINGS{maskrcnn,
  author={K. {He} and G. {Gkioxari} and P. {Dollár} and R. {Girshick}},
  booktitle={IEEE Intl. Conf. on Computer Vision (ICCV)}, 
  title={{M}ask {R-CNN}}, 
  year={2017}
}
@article{polyyolo,
  title={{Poly-YOLO:} {H}igher speed, more precise detection and instance segmentation for YOLOv3},
  author={P. Hurt{\'i}k and Vojtech Molek and J. Hula and M. Vajgl and Pavel Vlas{\'a}nek and Tomas Nejezchleba},
  journal={ArXiv},
  year={2020},
  volume={abs/2005.13243}
}
% few-shot object detection
@inproceedings{repmet,
  author    = {Karlinsky, Leonid and Shtok, Joseph and Harary, Sivan and Schwartz, Eli and Aides, Amit and Feris, Rogerio and Giryes, Raja and Bronstein, Alex M.},
  title     = {{RepMet}: Representative-Based Metric Learning for Classification and Few-Shot Object Detection},
  booktitle = {IEEE Conf. on Computer Vision and Pattern Recognition (CVPR)},
  year      = {2019}
}
@inproceedings{lstd,
  author    = {Hao Chen and
               Yali Wang and
               Guoyou Wang and
               Yu Qiao},
  title     = {{LSTD:} {A} Low-Shot Transfer Detector for Object Detection},
  booktitle = {Proc. of the Thirty-Second {AAAI} Conf. on Artificial Intelligence},
  pages     = {2836--2843},
  year      = {2018}
}
@inproceedings{fsdet,
  title     = {Frustratingly Simple Few-Shot Object Detection},
  author    = {Wang, Xin and Huang, Thomas E. and  Darrell, Trevor and Gonzalez, Joseph E and Yu, Fisher},
  booktitle = {Intl. Conf. on Machine Learning (ICML)},
  year      = {2020}
}
@inproceedings{reweight,
  title     = {Few-shot Object Detection via Feature Reweighting},
  author    = {Kang, Bingyi and Liu, Zhuang and Wang, Xin and Yu, Fisher and Feng, Jiashi and Darrell, Trevor},
  booktitle = {IEEE Intl. Conf. on Computer Vision (ICCV)},
  year      = {2019}
}
@inproceedings{metarcnn,
  title     = {{Meta R-CNN:} {T}owards general solver for instance-level low-shot learning},
  author    = {Yan, Xiaopeng and Chen, Ziliang and Xu, Anni and Wang, Xiaoxi and Liang, Xiaodan and Lin, Liang},
  booktitle = {IEEE Conf. on Computer Vision and Pattern Recognition (CVPR)},
  pages     = {9577--9586},
  year      = {2019}
}
@inproceedings{fgn,
  author    = {Fan, Zhibo and Yu, Jin-Gang and Liang, Zhihao and Ou, Jiarong and Gao, Changxin and Xia, Gui-Song and Li, Yuanqing},
  title     = {{FGN:} {F}ully Guided Network for Few-Shot Instance Segmentation},
  booktitle = {IEEE Conf. on Computer Vision and Pattern Recognition (CVPR)},
  year      = {2020}
}
@inproceedings{addfeat,
  author    = {Yang Xiao and Renaud Marlet},
  title     = {Few-{S}hot Object Detection and Viewpoint Estimation for Objects in the Wild},
  booktitle = {European Conf. on Computer Vision (ECCV)},
  year      = {2020}
}
@inproceedings{metadet,
  author    = {Wang, Yu-Xiong and Ramanan, Deva and Hebert, Martial},
  title     = {Meta-Learning to Detect Rare Objects},
  booktitle = {IEEE Intl. Conf. on Computer Vision (ICCV)},
  year      = {2019}
}
@inproceedings{fsod,
  title={Few-Shot Object Detection with {Attention-RPN} and {Multi-Relation} Detector},
  author={Fan, Qi and Zhuo, Wei and Tang, Chi-Keung and Tai, Yu-Wing},
  booktitle = {IEEE Conf. on Computer Vision and Pattern Recognition (CVPR)},
  year={2020}
}

% datasets
@inproceedings{imagenet,
  author    = {J. {Deng} and W. {Dong} and R. {Socher} and L. {Li} and  {Kai Li} and  {Li Fei-Fei}},
  booktitle = {IEEE Conf. on Computer Vision and Pattern Recognition (CVPR)},
  title     = {{ImageNet:} {A} large-scale hierarchical image database},
  year      = {2009},
  pages     = {248-255},
  doi       = {10.1109/CVPR.2009.5206848}
}
@inproceedings{coco,
  author    = {Lin, Tsung-Yi
and Maire, Michael
and Belongie, Serge
and Hays, James
and Perona, Pietro
and Ramanan, Deva
and Doll{\'a}r, Piotr
and Zitnick, C. Lawrence},
  title     = {Microsoft {COCO:} {C}ommon Objects in Context},
  booktitle = {Computer Vision -- ECCV 2014},
  year      = {2014},
  pages     = {740--755}
}

% feature extractor
@inproceedings{resnet,
  author    = {He, Kaiming and Zhang, Xiangyu and Ren, Shaoqing and Sun, Jian},
  title     = {Deep Residual Learning for {Image} {Recognition}},
  booktitle = {IEEE Conf. on Computer Vision and Pattern Recognition (CVPR)},
  year      = {2016}
}
@inproceedings{vgg,
  author    = {Karen Simonyan and Andrew Zisserman},
  title     = {Very Deep Convolutional Networks for Large-Scale Image Recognition},
  booktitle = {Intl. Conf. on Learning Representations},
  year      = {2015}
}

@Article{voc,
   author = "Everingham, M. and Van~Gool, L. and Williams, C. K. I. and Winn, J. and Zisserman, A.",
   title = "The {Pascal} {Visual} {Object} Classes ({VOC}) {Challenge}",
   journal = "Intl. Journal of Computer Vision",
   year = "2010",
   pages = "303--338",
}
@techreport{cubs,
	Author = {P. Welinder and S. Branson and T. Mita and C. Wah and F. Schroff and S. Belongie and P. Perona},
	Institution = {California Institute of Technology},
	Number = {CNS-TR-2010-001},
	Title = {{Caltech-UCSD Birds 200}},
	Year = {2010}
}

@INPROCEEDINGS{idd,
  author={G. {Varma} and A. {Subramanian} and A. {Namboodiri} and M. {Chandraker} and C. V. {Jawahar}},
  booktitle={IEEE Winter Conf. on Applications of Computer Vision (WACV)}, 
  title={{IDD:} {A} Dataset for Exploring Problems of Autonomous Navigation in Unconstrained Environments}, 
  year={2019},
  pages={1743-1751},
  doi={10.1109/WACV.2019.00190}}
  
@INPROCEEDINGS{kitti,
  author = {Andreas Geiger and Philip Lenz and Raquel Urtasun},
  title = {Are we ready for {Autonomous Driving}? The {KITTI Vision Benchmark Suite}},
  booktitle = {Conf. on Computer Vision and Pattern Recognition (CVPR)},
  year = {2012}
}

@InProceedings{city,
author = {Cordts, Marius and Omran, Mohamed and Ramos, Sebastian and Rehfeld, Timo and Enzweiler, Markus and Benenson, Rodrigo and Franke, Uwe and Roth, Stefan and Schiele, Bernt},
title = {The {Cityscapes} {Dataset} for Semantic Urban Scene Understanding},
  booktitle = {IEEE Conf. on Computer Vision and Pattern Recognition (CVPR)},
year = {2016}
}

@INPROCEEDINGS{miniImagenet,
  author={Y. {Wang} and R. {Girshick} and M. {Hebert} and B. {Hariharan}},
  booktitle={IEEE/CVF Conf. on Computer Vision and Pattern Recognition}, 
  title={Low-Shot Learning from Imaginary Data}, 
  year={2018},
  pages={7278-7286},
  doi={10.1109/CVPR.2018.00760}
 }