@InProceedings{AbernethyColt,
  author       = {Jacob Abernethy and Elad Hazan and Alexander Rakhlin},
  title        = {An Efficient Algorithm for Bandit Linear Optimization},
  booktitle    = {COLT},
  year         = {2008},
}

@InProceedings{RendleICDM,
  author       = {Steffen Rendle},
  title        = {Factorization Machines},
  booktitle    = {ICDM},
  year         = {2010},
  pages        = {995-1000},
}

@InProceedings{NguyenSIGIR,
  author       = {Trung V.~Nguyen and Alexandros Karatzoglou and Linas Baltrunas},
  title        = {Gaussian process Factorization Machines for Context-aware Recommendations},
  booktitle    = {SIGIR},
  year         = {2014},
  pages        = {63-72},
}

@InProceedings{RendleSIGIR,
  author       = {Steffen Rendle and Zeno Gantner and Christoph Freudenthaler and Lars Schmidt-Thieme},
  title        = {Fast context-aware recommendations with factorization machines},
  booktitle    = {SIGIR},
  year         = {2011},
  pages        = {635-644},
}

@InProceedings{JuanWWW,
  author       = {Yuchin Juan and Damien Lefortier and Olivier Chapelle},
  title        = {Field-aware factorization machines in a real-world online advertising system},
  booktitle    = {Proceedings of the 26th International Conference on World Wide Web Companion},
  year         = {2017},
  pages        = {680-688},
}

@InProceedings{LuWSDM,
  author       = {Chun-Ta Lu and Lifang He and Weixiang Shao and Bokai Cao and Philip S. Yu},
  title        = {Multilinear Factorization Machines for Multi-Task Multi-View Learning},
  booktitle    = {WSDM},
  year         = {2017},
  pages        = {701-709},
}

@InProceedings{YamadaKDD,
  author       = {Makoto Yamada and Wenzhao Lian and Amit Goyal and Jianhui Chen and Kishan Wimalawarne and Suleiman~A. Khan and Samuel Kaski and Hiroshi Mamitsuka and Yi Chang},
  title        = {Convex Factorization Machine for Toxicogenomics Prediction},
  booktitle    = {KDD},
  year         = {2017},
  pages        = {1215-1224},
}

@InProceedings{BlondelNIPS,
  author       = {Mathieu Blondel and Akinori Fujino and Naonori Ueda and Masakazu Ishihata},
  title        = {Higher-order factorization machines},
  booktitle    = {NIPS},
  year         = {2016},
  pages        = {3351-2259},
}

@InProceedings{BlondelICML,
  author       = {Mathieu Blondel and Masakazu Ishihata and Akinori Fujino and Naonori Ueda},
  title        = {Polynomial networks and factorization machines: new insights and efficient training algorithms},
  booktitle    = {ICML},
  year         = {2016},
  pages        = {850-858},
}

@InProceedings{BlondelECML,
  author       = {Mathieu Blondel and Akinori Fujino and Naonori Ueda},
  title        = {Convex factorization machines},
  booktitle    = {ECML-PKDD},
  year         = {2015},
  pages        = {19-35},
}

@InProceedings{HeIJCAI,
  author       = {Xiangnan He and Hanwang Zhang and Fei Wu and Tat-Seng Chua and Jun Xiao and Hao Ye},
  title        = {Attentional Factorization Machines: Learning the Weight of Feature Interactions via Attention Networks},
  booktitle    = {IJCAI},
  year         = {2017},
  pages        = {3119-3125},
}

@InProceedings{XuICDM,
  author       = {Jianpeng Xu and Kaixiang Lin and Pang Ning Tan and Jiayu Zhou},
  title        = {Synergies that Matter: Efficient Interaction Selection via Sparse Factorization Machine},
  booktitle    = {ICDM},
  year         = {2016},
  pages        = {108-116},
}

@InProceedings{ZhongCIKM,
  author       = {Erheng Zhong and Yue Shi and Nathan Liu and Suju Rajan},
  title        = {Scaling Factorization Machines with Parameter Server},
  booktitle    = {CIKM},
  year         = {2016},
  pages        = {1583-1592},
}

@InProceedings{HazanOCO,
  author       = {Elad Hazan},
  title        = {Introduction to online convex optimization},
  booktitle    = {Foundations and Trends in Optimization},
  year         = {2016},
  pages        = {157-225},
}

@InProceedings{ShalevOCO,
  author       = {Shai Shalev-Shwartz},
  title        = {Online Learning and Online Convex Optimization},
  booktitle    = {Trends Machine Learning},
  year         = {2012},
  pages        = {107-194},
}

@InProceedings{ChengACM,
  author       = {Chen Cheng and Fen Xia and Tong Zhang and Irwin King and Michael~R Lyu},
  title        = {Gradient boosting factorization machines},
  booktitle    = {Proceedings of the 8th ACM Conference on Recommender systems},
  year         = {2014},
  pages        = {265-272},
}

@InProceedings{McMahanKDD,
  author       = {H. Brendan McMahan and Gary Holt and D. Sculley and Michael Young and Dietmar Ebner and Julian Grady and Lan Nie and Todd Phillips and Eugene Davydov and Daniel Golovin and Sharat Chikkerur and Dan Liu and Martin Wattenberg and Arnar Mar Hrafnkelsson and Tom Boulos and Jeremy Kubica},
  title        = {Ad Click Prediction: a View from the Trenches},
  booktitle    = {KDD},
  year         = {2013},
}

@InProceedings{DeMarzoSTOC,
  author       = {Peter DeMarzo and Ilan Kremer and Yishay Mansour},
  title        = {Online Trading Algorithms and Robust Option Pricing},
  booktitle    = {STOC},
  year         = {2006},
  pages        = {477-486},
}

@InProceedings{LiSurveys,
  author       = {Bin Li and Steven~C.H. Hoi},
  title        = {Online portfolio selection: A survey},
  booktitle    = {Comput. Surveys},
  year         = {2014},
}

@InProceedings{ZhaoKDD,
  author       = {Peilin Zhao and Steven~C.H. Hoi},
  title        = {Cost-sensitive Online Active Learning with Application to Malicious URL Detection},
  booktitle    = {KDD},
  year         = {2013},
}

@inproceedings{LinWWW,
 author = {Lin, Xiao and Zhang, Wenpeng and Zhang, Min and Zhu, Wenwu and Pei, Jian and Zhao, Peilin and Huang, Junzhou},
 title = {Online Compact Convexified Factorization Machine},
 booktitle = {Proceedings of the 2018 World Wide Web Conference},
 year = {2018},
 pages = {1633--1642},
}

@InProceedings{ZhaoICML,
  author       = {Peilin Zhao and Steven~C.~H. Hoi and Rong Jin and Tianbao Yang},
  title        = {Online AUC Maximization},
  booktitle    = {ICML},
  year         = {2011},
}

@InProceedings{ZinkevichICML,
  author       = {Martin Zinkevich},
  title        = {Online Convex Programming and Generalized Infinitesimal Gradient Ascent},
  booktitle    = {ICML},
  year         = {2003},
  pages        = {928-935},
}

@InProceedings{TaBIGDATA,
  author       = {Anh-Phuong Ta},
  title        = {Factorization machines with follow-the-regularizedleader for CTR prediction in display advertising},
  booktitle    = {Big Data, 2015 IEEE International Conference on.},
  year         = {2015},
  pages        = {2889â€“2891},
}

@inproceedings{LiDifacto,
 author = {Li, Mu and Liu, Ziqi and Smola, Alexander J. and Wang, Yu-Xiang},
 title = {DiFacto: Distributed Factorization Machines},
 booktitle = {WSDM},
 year = {2016},
 pages = {377--386},
} 

@inproceedings{ChenRaFM,
 author = {Chen, Xiaoshuang and Zheng, Yin and Wang, Jiaxing and Ma, Wenye and Huang, Junzhou},
 title = {RaFM: Rank-Aware Factorization Machines},
 booktitle = {ICML},
 year = {2019},
} 

@inproceedings{ChenFMVAE,
 author = {Chen, Xiaoshuang and Zheng, Yin and Zhao, Peilin and Wang, Jiaxing and Ma, Wenye and Huang, Junzhou},
 title = {A Generalized Locally Linear Factorization Machine with Supervised Varitional Encoding},
 booktitle = {IEEE TKDE},
 year = {2019},
} 

@inproceedings{ZhangKDD,
 author = {Zhang, Yifan and Zhao, Peilin and Cao, Jiezhang and Ma, Wenye and Huang, Junzhou and Wu, Qingyao and Tan, Mingkui},
 title = {Online adaptive asymmetric active learning for budgeted imbalanced data},
 booktitle = {KDD},
 year = {2019},
}
