@inproceedings{DBLP:conf/nips/VaswaniSPUJGKP17,
  author    = {Ashish Vaswani and
               Noam Shazeer and
               Niki Parmar and
               Jakob Uszkoreit and
               Llion Jones and
               Aidan N. Gomez and
               Lukasz Kaiser and
               Illia Polosukhin},
  title     = {Attention is All you Need},
  booktitle = {Advances in Neural Information Processing Systems 30: Annual Conference
               on Neural Information Processing Systems 2017},
  pages     = {5998--6008},
  year      = {2017},
  url       = {https://proceedings.neurips.cc/paper/2017/hash/3f5ee243547dee91fbd053c1c4a845aa-Abstract.html},
  timestamp = {Thu, 21 Jan 2021 15:15:21 +0100},
  biburl    = {https://dblp.org/rec/conf/nips/VaswaniSPUJGKP17.bib},
  bibsource = {dblp computer science bibliography, https://dblp.org}
}

@inproceedings{DBLP:conf/nips/BrownMRSKDNSSAA20,
  author    = {Tom B. Brown and
               Benjamin Mann and
               Nick Ryder and
               Melanie Subbiah and
               Jared Kaplan and
               Prafulla Dhariwal and
               Arvind Neelakantan and
               Pranav Shyam and
               Girish Sastry and
               Amanda Askell and
               Sandhini Agarwal and
               Ariel Herbert{-}Voss and
               Gretchen Krueger and
               Tom Henighan and
               Rewon Child and
               Aditya Ramesh and
               Daniel M. Ziegler and
               Jeffrey Wu and
               Clemens Winter and
               Christopher Hesse and
               Mark Chen and
               Eric Sigler and
               Mateusz Litwin and
               Scott Gray and
               Benjamin Chess and
               Jack Clark and
               Christopher Berner and
               Sam McCandlish and
               Alec Radford and
               Ilya Sutskever and
               Dario Amodei},
  title     = {Language Models are Few-Shot Learners},
  booktitle = {Advances in Neural Information Processing Systems 33: Annual Conference
               on Neural Information Processing Systems 2020},
  year      = {2020},
  url       = {https://proceedings.neurips.cc/paper/2020/hash/1457c0d6bfcb4967418bfb8ac142f64a-Abstract.html},
  timestamp = {Tue, 19 Jan 2021 15:56:50 +0100},
  biburl    = {https://dblp.org/rec/conf/nips/BrownMRSKDNSSAA20.bib},
  bibsource = {dblp computer science bibliography, https://dblp.org}
}

@inproceedings{DBLP:conf/cvpr/HeCXLDG22,
  author    = {Kaiming He and
               Xinlei Chen and
               Saining Xie and
               Yanghao Li and
               Piotr Doll{\'{a}}r and
               Ross B. Girshick},
  title     = {Masked Autoencoders Are Scalable Vision Learners},
  booktitle = {{IEEE/CVF} Conference on Computer Vision and Pattern Recognition,
               {CVPR} 2022},
  pages     = {15979--15988},
  year      = {2022},
  url       = {https://doi.org/10.1109/CVPR52688.2022.01553},
  doi       = {10.1109/CVPR52688.2022.01553},
  timestamp = {Wed, 05 Oct 2022 16:31:19 +0200},
  biburl    = {https://dblp.org/rec/conf/cvpr/HeCXLDG22.bib},
  bibsource = {dblp computer science bibliography, https://dblp.org}
}

@article{DBLP:journals/corr/abs-2005-00341,
  author    = {Prafulla Dhariwal and
               Heewoo Jun and
               Christine Payne and
               Jong Wook Kim and
               Alec Radford and
               Ilya Sutskever},
  title     = {Jukebox: {A} Generative Model for Music},
  journal   = {CoRR},
  volume    = {abs/2005.00341},
  year      = {2020},
  url       = {https://arxiv.org/abs/2005.00341},
  eprinttype = {arXiv},
  eprint    = {2005.00341},
  timestamp = {Sun, 10 May 2020 11:06:13 +0200},
  biburl    = {https://dblp.org/rec/journals/corr/abs-2005-00341.bib},
  bibsource = {dblp computer science bibliography, https://dblp.org}
}

@article{DBLP:journals/corr/abs-2204-06125,
  author    = {Aditya Ramesh and
               Prafulla Dhariwal and
               Alex Nichol and
               Casey Chu and
               Mark Chen},
  title     = {Hierarchical Text-Conditional Image Generation with {CLIP} Latents},
  journal   = {CoRR},
  volume    = {abs/2204.06125},
  year      = {2022},
  url       = {https://doi.org/10.48550/arXiv.2204.06125},
  doi       = {10.48550/arXiv.2204.06125},
  eprinttype = {arXiv},
  eprint    = {2204.06125},
  timestamp = {Tue, 19 Apr 2022 17:11:58 +0200},
  biburl    = {https://dblp.org/rec/journals/corr/abs-2204-06125.bib},
  bibsource = {dblp computer science bibliography, https://dblp.org}
}

@article{DBLP:journals/corr/abs-2209-15352,
  author    = {Felix Kreuk and
               Gabriel Synnaeve and
               Adam Polyak and
               Uriel Singer and
               Alexandre D{\'{e}}fossez and
               Jade Copet and
               Devi Parikh and
               Yaniv Taigman and
               Yossi Adi},
  title     = {AudioGen: Textually Guided Audio Generation},
  journal   = {CoRR},
  volume    = {abs/2209.15352},
  year      = {2022},
  url       = {https://doi.org/10.48550/arXiv.2209.15352},
  doi       = {10.48550/arXiv.2209.15352},
  eprinttype = {arXiv},
  eprint    = {2209.15352},
  timestamp = {Thu, 06 Oct 2022 14:41:30 +0200},
  biburl    = {https://dblp.org/rec/journals/corr/abs-2209-15352.bib},
  bibsource = {dblp computer science bibliography, https://dblp.org}
}

@article{DBLP:journals/nca/Briot21,
  author    = {Jean{-}Pierre Briot},
  title     = {From artificial neural networks to deep learning for music generation:
               history, concepts and trends},
  journal   = {Neural Comput. Appl.},
  volume    = {33},
  number    = {1},
  pages     = {39--65},
  year      = {2021},
  url       = {https://doi.org/10.1007/s00521-020-05399-0},
  doi       = {10.1007/s00521-020-05399-0},
  timestamp = {Thu, 11 Feb 2021 11:54:59 +0100},
  biburl    = {https://dblp.org/rec/journals/nca/Briot21.bib},
  bibsource = {dblp computer science bibliography, https://dblp.org}
}

@inproceedings{DBLP:conf/icdim/Rangarajan15,
  author    = {Rohit Rangarajan},
  title     = {Generating music from natural language text},
  booktitle = {Tenth International Conference on Digital Information Management,
               {ICDIM} 2015},
  pages     = {85--88},
  year      = {2015},
  url       = {https://doi.org/10.1109/ICDIM.2015.7381853},
  doi       = {10.1109/ICDIM.2015.7381853},
  timestamp = {Wed, 16 Oct 2019 14:14:49 +0200},
  biburl    = {https://dblp.org/rec/conf/icdim/Rangarajan15.bib},
  bibsource = {dblp computer science bibliography, https://dblp.org}
}

@inproceedings{DBLP:conf/clfl/DavisM14,
  author    = {Hannah Davis and
               Saif M. Mohammad},
  title     = {Generating Music from Literature},
  booktitle = {Proceedings of the 3rd Workshop on Computational Linguistics for Literature,
               CLfL@EACL 2014},
  pages     = {1--10},
  year      = {2014},
  url       = {https://doi.org/10.3115/v1/w14-0901},
  doi       = {10.3115/v1/w14-0901},
  timestamp = {Tue, 03 May 2022 17:10:01 +0200},
  biburl    = {https://dblp.org/rec/conf/clfl/DavisM14.bib},
  bibsource = {dblp computer science bibliography, https://dblp.org}
}

@article{DBLP:journals/ci/MohammadT13,
  author    = {Saif M. Mohammad and
               Peter D. Turney},
  title     = {Crowdsourcing a Word-Emotion Association Lexicon},
  journal   = {Comput. Intell.},
  volume    = {29},
  number    = {3},
  pages     = {436--465},
  year      = {2013},
  url       = {https://doi.org/10.1111/j.1467-8640.2012.00460.x},
  doi       = {10.1111/j.1467-8640.2012.00460.x},
  timestamp = {Sun, 02 Oct 2022 15:30:26 +0200},
  biburl    = {https://dblp.org/rec/journals/ci/MohammadT13.bib},
  bibsource = {dblp computer science bibliography, https://dblp.org}
}

@inproceedings{zhang2020butter,
  title={BUTTER: A representation learning framework for bi-directional music-sentence retrieval and generation},
  author={Zhang, Yixiao and Wang, Ziyu and Wang, Dingsu and Xia, Gus},
  booktitle={Proceedings of the 1st workshop on nlp for music and audio},
  pages={54--58},
  year={2020}
}

@article{DBLP:journals/corr/abs-2111-02114,
  author    = {Christoph Schuhmann and
               Richard Vencu and
               Romain Beaumont and
               Robert Kaczmarczyk and
               Clayton Mullis and
               Aarush Katta and
               Theo Coombes and
               Jenia Jitsev and
               Aran Komatsuzaki},
  title     = {{LAION-400M:} Open Dataset of CLIP-Filtered 400 Million Image-Text
               Pairs},
  journal   = {CoRR},
  volume    = {abs/2111.02114},
  year      = {2021},
  url       = {https://arxiv.org/abs/2111.02114},
  eprinttype = {arXiv},
  eprint    = {2111.02114},
  timestamp = {Fri, 05 Nov 2021 15:25:54 +0100},
  biburl    = {https://dblp.org/rec/journals/corr/abs-2111-02114.bib},
  bibsource = {dblp computer science bibliography, https://dblp.org}
}

@inproceedings{DBLP:conf/icml/RadfordKHRGASAM21,
  author    = {Alec Radford and
               Jong Wook Kim and
               Chris Hallacy and
               Aditya Ramesh and
               Gabriel Goh and
               Sandhini Agarwal and
               Girish Sastry and
               Amanda Askell and
               Pamela Mishkin and
               Jack Clark and
               Gretchen Krueger and
               Ilya Sutskever},
  title     = {Learning Transferable Visual Models From Natural Language Supervision},
  booktitle = {Proceedings of the 38th International Conference on Machine Learning,
               {ICML} 2021},
  series    = {Proceedings of Machine Learning Research},
  volume    = {139},
  pages     = {8748--8763},
  year      = {2021},
  url       = {http://proceedings.mlr.press/v139/radford21a.html},
  timestamp = {Wed, 25 Aug 2021 17:11:17 +0200},
  biburl    = {https://dblp.org/rec/conf/icml/RadfordKHRGASAM21.bib},
  bibsource = {dblp computer science bibliography, https://dblp.org}
}

@article{DBLP:journals/corr/abs-2107-03374,
  author    = {Mark Chen and
               Jerry Tworek and
               Heewoo Jun and
               Qiming Yuan and
               Henrique Ponde de Oliveira Pinto and
               Jared Kaplan and
               Harrison Edwards and
               Yuri Burda and
               Nicholas Joseph and
               Greg Brockman and
               Alex Ray and
               Raul Puri and
               Gretchen Krueger and
               Michael Petrov and
               Heidy Khlaaf and
               Girish Sastry and
               Pamela Mishkin and
               Brooke Chan and
               Scott Gray and
               Nick Ryder and
               Mikhail Pavlov and
               Alethea Power and
               Lukasz Kaiser and
               Mohammad Bavarian and
               Clemens Winter and
               Philippe Tillet and
               Felipe Petroski Such and
               Dave Cummings and
               Matthias Plappert and
               Fotios Chantzis and
               Elizabeth Barnes and
               Ariel Herbert{-}Voss and
               William Hebgen Guss and
               Alex Nichol and
               Alex Paino and
               Nikolas Tezak and
               Jie Tang and
               Igor Babuschkin and
               Suchir Balaji and
               Shantanu Jain and
               William Saunders and
               Christopher Hesse and
               Andrew N. Carr and
               Jan Leike and
               Joshua Achiam and
               Vedant Misra and
               Evan Morikawa and
               Alec Radford and
               Matthew Knight and
               Miles Brundage and
               Mira Murati and
               Katie Mayer and
               Peter Welinder and
               Bob McGrew and
               Dario Amodei and
               Sam McCandlish and
               Ilya Sutskever and
               Wojciech Zaremba},
  title     = {Evaluating Large Language Models Trained on Code},
  journal   = {CoRR},
  volume    = {abs/2107.03374},
  year      = {2021},
  url       = {https://arxiv.org/abs/2107.03374},
  eprinttype = {arXiv},
  eprint    = {2107.03374},
  timestamp = {Tue, 20 Jul 2021 15:08:33 +0200},
  biburl    = {https://dblp.org/rec/journals/corr/abs-2107-03374.bib},
  bibsource = {dblp computer science bibliography, https://dblp.org}
}

@inproceedings{DBLP:conf/icml/RameshPGGVRCS21,
  author    = {Aditya Ramesh and
               Mikhail Pavlov and
               Gabriel Goh and
               Scott Gray and
               Chelsea Voss and
               Alec Radford and
               Mark Chen and
               Ilya Sutskever},
  title     = {Zero-Shot Text-to-Image Generation},
  booktitle = {Proceedings of the 38th International Conference on Machine Learning,
               {ICML} 2021},
  series    = {Proceedings of Machine Learning Research},
  volume    = {139},
  pages     = {8821--8831},
  year      = {2021},
  url       = {http://proceedings.mlr.press/v139/ramesh21a.html},
  timestamp = {Wed, 25 Aug 2021 17:11:17 +0200},
  biburl    = {https://dblp.org/rec/conf/icml/RameshPGGVRCS21.bib},
  bibsource = {dblp computer science bibliography, https://dblp.org}
}

@inproceedings{DBLP:conf/evoW/KrolLM22,
  author    = {Stephen James Krol and
               Maria Teresa Llano and
               Jon McCormack},
  title     = {Towards the Generation of Musical Explanations with {GPT-3}},
  booktitle = {Artificial Intelligence in Music, Sound, Art and Design - 11th International
               Conference, EvoMUSART 2022},
  series    = {Lecture Notes in Computer Science},
  volume    = {13221},
  pages     = {131--147},
  year      = {2022},
  url       = {https://doi.org/10.1007/978-3-031-03789-4\_9},
  doi       = {10.1007/978-3-031-03789-4\_9},
  timestamp = {Fri, 22 Apr 2022 19:18:40 +0200},
  biburl    = {https://dblp.org/rec/conf/evoW/KrolLM22.bib},
  bibsource = {dblp computer science bibliography, https://dblp.org}
}

@article{radford2018improving,
  title={Improving language understanding by generative pre-training},
  author={Radford, Alec and Narasimhan, Karthik and Salimans, Tim and Sutskever, Ilya and others},
  year={2018},
  publisher={OpenAI}
}

@inproceedings{DBLP:conf/iclr/LiuSPGSKS18,
  author    = {Peter J. Liu and
               Mohammad Saleh and
               Etienne Pot and
               Ben Goodrich and
               Ryan Sepassi and
               Lukasz Kaiser and
               Noam Shazeer},
  title     = {Generating Wikipedia by Summarizing Long Sequences},
  booktitle = {6th International Conference on Learning Representations, {ICLR} 2018},
  year      = {2018},
  url       = {https://openreview.net/forum?id=Hyg0vbWC-},
  timestamp = {Thu, 25 Jul 2019 14:25:42 +0200},
  biburl    = {https://dblp.org/rec/conf/iclr/LiuSPGSKS18.bib},
  bibsource = {dblp computer science bibliography, https://dblp.org}
}

@article{DBLP:journals/jmlr/RaffelSRLNMZLL20,
  author    = {Colin Raffel and
               Noam Shazeer and
               Adam Roberts and
               Katherine Lee and
               Sharan Narang and
               Michael Matena and
               Yanqi Zhou and
               Wei Li and
               Peter J. Liu},
  title     = {Exploring the Limits of Transfer Learning with a Unified Text-to-Text
               Transformer},
  journal   = {J. Mach. Learn. Res.},
  volume    = {21},
  pages     = {140:1--140:67},
  year      = {2020},
  url       = {http://jmlr.org/papers/v21/20-074.html},
  timestamp = {Fri, 05 Feb 2021 15:43:41 +0100},
  biburl    = {https://dblp.org/rec/journals/jmlr/RaffelSRLNMZLL20.bib},
  bibsource = {dblp computer science bibliography, https://dblp.org}
}

@article{DBLP:journals/tacl/RotheNS20,
  author    = {Sascha Rothe and
               Shashi Narayan and
               Aliaksei Severyn},
  title     = {Leveraging Pre-trained Checkpoints for Sequence Generation Tasks},
  journal   = {Trans. Assoc. Comput. Linguistics},
  volume    = {8},
  pages     = {264--280},
  year      = {2020},
  url       = {https://doi.org/10.1162/tacl\_a\_00313},
  doi       = {10.1162/tacl\_a\_00313},
  timestamp = {Fri, 10 Jun 2022 10:35:17 +0200},
  biburl    = {https://dblp.org/rec/journals/tacl/RotheNS20.bib},
  bibsource = {dblp computer science bibliography, https://dblp.org}
}

@book{raffel2016learning,
  title={Learning-based methods for comparing sequences, with applications to audio-to-midi alignment and matching},
  author={Raffel, Colin},
  year={2016},
  publisher={Columbia University}
}

@inproceedings{DBLP:conf/naacl/DevlinCLT19,
  author    = {Jacob Devlin and
               Ming{-}Wei Chang and
               Kenton Lee and
               Kristina Toutanova},
  title     = {{BERT:} Pre-training of Deep Bidirectional Transformers for Language
               Understanding},
  booktitle = {Proceedings of the 2019 Conference of the North American Chapter of
               the Association for Computational Linguistics: Human Language Technologies,
               {NAACL-HLT} 2019},
  pages     = {4171--4186},
  year      = {2019},
  url       = {https://doi.org/10.18653/v1/n19-1423},
  doi       = {10.18653/v1/n19-1423},
  timestamp = {Mon, 26 Sep 2022 12:21:55 +0200},
  biburl    = {https://dblp.org/rec/conf/naacl/DevlinCLT19.bib},
  bibsource = {dblp computer science bibliography, https://dblp.org}
}

@article{radford2019language,
  title={Language models are unsupervised multitask learners},
  author={Radford, Alec and Wu, Jeffrey and Child, Rewon and Luan, David and Amodei, Dario and Sutskever, Ilya and others},
  journal={OpenAI blog},
  volume={1},
  number={8},
  pages={9},
  year={2019}
}

@inproceedings{DBLP:conf/acl/LewisLGGMLSZ20,
  author    = {Mike Lewis and
               Yinhan Liu and
               Naman Goyal and
               Marjan Ghazvininejad and
               Abdelrahman Mohamed and
               Omer Levy and
               Veselin Stoyanov and
               Luke Zettlemoyer},
  title     = {{BART:} Denoising Sequence-to-Sequence Pre-training for Natural Language
               Generation, Translation, and Comprehension},
  booktitle = {Proceedings of the 58th Annual Meeting of the Association for Computational
               Linguistics, {ACL} 2020},
  pages     = {7871--7880},
  year      = {2020},
  url       = {https://doi.org/10.18653/v1/2020.acl-main.703},
  doi       = {10.18653/v1/2020.acl-main.703},
  timestamp = {Wed, 16 Mar 2022 23:55:02 +0100},
  biburl    = {https://dblp.org/rec/conf/acl/LewisLGGMLSZ20.bib},
  bibsource = {dblp computer science bibliography, https://dblp.org}
}

@article{DBLP:journals/corr/SturmSBK16,
  author    = {Bob L. Sturm and
               Jo{\~{a}}o Felipe Santos and
               Oded Ben{-}Tal and
               Iryna Korshunova},
  title     = {Music transcription modelling and composition using deep learning},
  journal   = {CoRR},
  volume    = {abs/1604.08723},
  year      = {2016},
  url       = {http://arxiv.org/abs/1604.08723},
  eprinttype = {arXiv},
  eprint    = {1604.08723},
  timestamp = {Mon, 13 Aug 2018 16:47:59 +0200},
  biburl    = {https://dblp.org/rec/journals/corr/SturmSBK16.bib},
  bibsource = {dblp computer science bibliography, https://dblp.org}
}

@inproceedings{DBLP:conf/iclr/LoshchilovH19,
  author    = {Ilya Loshchilov and
               Frank Hutter},
  title     = {Decoupled Weight Decay Regularization},
  booktitle = {7th International Conference on Learning Representations, {ICLR} 2019},
  year      = {2019},
  url       = {https://openreview.net/forum?id=Bkg6RiCqY7},
  timestamp = {Thu, 25 Jul 2019 14:26:04 +0200},
  biburl    = {https://dblp.org/rec/conf/iclr/LoshchilovH19.bib},
  bibsource = {dblp computer science bibliography, https://dblp.org}
}

@article{gage1994new,
  title={A new algorithm for data compression},
  author={Gage, Philip},
  journal={C Users Journal},
  volume={12},
  number={2},
  pages={23--38},
  year={1994},
}

@article{zhang2020survey,
  title={A survey on negative transfer},
  author={Zhang, Wen and Deng, Lingfei and Zhang, Lei and Wu, Dongrui},
  journal={arXiv preprint arXiv:2009.00909},
  year={2020}
}

@inproceedings{papineni-etal-2002-bleu,
    title = "{B}leu: a Method for Automatic Evaluation of Machine Translation",
    author = "Papineni, Kishore  and
      Roukos, Salim  and
      Ward, Todd  and
      Zhu, Wei-Jing",
    booktitle = "Proceedings of the 40th Annual Meeting of the Association for Computational Linguistics",
    month = jul,
    year = "2002",
    url = "https://aclanthology.org/P02-1040",
    doi = "10.3115/1073083.1073135",
    pages = "311--318",
}

@inproceedings{DBLP:conf/naacl/LiGBGD16,
  author    = {Jiwei Li and
               Michel Galley and
               Chris Brockett and
               Jianfeng Gao and
               Bill Dolan},
  title     = {A Diversity-Promoting Objective Function for Neural Conversation Models},
  booktitle = {{NAACL} {HLT} 2016, The 2016 Conference of the North American Chapter
               of the Association for Computational Linguistics: Human Language Technologies},
  pages     = {110--119},
  year      = {2016},
  url       = {https://doi.org/10.18653/v1/n16-1014},
  doi       = {10.18653/v1/n16-1014},
  timestamp = {Fri, 06 Aug 2021 00:41:32 +0200},
  biburl    = {https://dblp.org/rec/conf/naacl/LiGBGD16.bib},
  bibsource = {dblp computer science bibliography, https://dblp.org}
}

@inproceedings{levenshtein1966binary,
  title={Binary codes capable of correcting deletions, insertions, and reversals},
  author={Levenshtein, Vladimir I and others},
  booktitle={Soviet physics doklady},
  volume={10},
  number={8},
  pages={707--710},
  year={1966},
  organization={Soviet Union}
}

@inproceedings{DBLP:conf/emnlp/ReimersG19,
  author    = {Nils Reimers and
               Iryna Gurevych},
  editor    = {Kentaro Inui and
               Jing Jiang and
               Vincent Ng and
               Xiaojun Wan},
  title     = {Sentence-BERT: Sentence Embeddings using Siamese BERT-Networks},
  booktitle = {Proceedings of the 2019 Conference on Empirical Methods in Natural
               Language Processing and the 9th International Joint Conference on
               Natural Language Processing, {EMNLP-IJCNLP} 2019},
  pages     = {3980--3990},
  year      = {2019},
  url       = {https://doi.org/10.18653/v1/D19-1410},
  doi       = {10.18653/v1/D19-1410},
  timestamp = {Thu, 07 Apr 2022 09:14:07 +0200},
  biburl    = {https://dblp.org/rec/conf/emnlp/ReimersG19.bib},
  bibsource = {dblp computer science bibliography, https://dblp.org}
}