@article{DBLP:journals/jair/Baxter00,
  author    = {Jonathan Baxter},
  title     = {A Model of Inductive Bias Learning},
  journal   = {J. Artif. Intell. Res.},
  volume    = {12},
  pages     = {149--198},
  year      = {2000}
}

@article{DBLP:journals/ml/Caruana97,
  author    = {Rich Caruana},
  title     = {Multitask Learning},
  journal   = {Machine Learning},
  volume    = {28},
  number    = {1},
  pages     = {41--75},
  year      = {1997}
}

@inproceedings{DBLP:conf/aaai/ChenQLH18,
  author    = {Junkun Chen and
               Xipeng Qiu and
               Pengfei Liu and
               Xuanjing Huang},
  title     = {Meta Multi-Task Learning for Sequence Modeling},
  booktitle = {{AAAI}},
  pages     = {5070--5077},
  year      = {2018}
}

@inproceedings{DBLP:conf/icml/CollobertW08,
  author    = {Ronan Collobert and
               Jason Weston},
  title     = {A unified architecture for natural language processing: deep neural
               networks with multitask learning},
  booktitle = {{ICML}},
  pages     = {160--167},
  year      = {2008}
}

@article{DBLP:journals/jmlr/CollobertWBKKK11,
  author    = {Ronan Collobert and
               Jason Weston and
               L{\'{e}}on Bottou and
               Michael Karlen and
               Koray Kavukcuoglu and
               Pavel P. Kuksa},
  title     = {Natural Language Processing (Almost) from Scratch},
  journal   = {J. Mach. Learn. Res.},
  volume    = {12},
  pages     = {2493--2537},
  year      = {2011}
}

@inproceedings{DBLP:conf/iclr/FrankleC19,
  author    = {Jonathan Frankle and
               Michael Carbin},
  title     = {The Lottery Ticket Hypothesis: Finding Sparse, Trainable Neural Networks},
  booktitle = {{ICLR}},
  year      = {2019}
}

@article{frankle2019lottery,
  title={The Lottery Ticket Hypothesis at Scale},
  author={Frankle, Jonathan and Dziugaite, Gintare Karolina and Roy, Daniel M and Carbin, Michael},
  journal={arXiv preprint arXiv:1903.01611},
  year={2019}
}

@inproceedings{DBLP:conf/emnlp/HashimotoXTS17,
  author    = {Kazuma Hashimoto and
               Caiming Xiong and
               Yoshimasa Tsuruoka and
               Richard Socher},
  title     = {A Joint Many-Task Model: Growing a Neural Network for Multiple {NLP}
               Tasks},
  booktitle = {{EMNLP}},
  pages     = {1923--1933},
  year      = {2017}
}

@article{DBLP:journals/neco/HochreiterS97,
  author    = {Sepp Hochreiter and
               J{\"{u}}rgen Schmidhuber},
  title     = {Long Short-Term Memory},
  journal   = {Neural Computation},
  volume    = {9},
  number    = {8},
  pages     = {1735--1780},
  year      = {1997}
}

@article{huang2015bidirectional,
  title={Bidirectional LSTM-CRF models for sequence tagging},
  author={Huang, Zhiheng and Xu, Wei and Yu, Kai},
  journal={arXiv preprint arXiv:1508.01991},
  year={2015}
}

@inproceedings{DBLP:conf/cvpr/KendallGC18,
  author    = {Alex Kendall and
               Yarin Gal and
               Roberto Cipolla},
  title     = {Multi-Task Learning Using Uncertainty to Weigh Losses for Scene Geometry
               and Semantics},
  booktitle = {{CVPR}},
  pages     = {7482--7491},
  year      = {2018}
}

@inproceedings{DBLP:conf/acl/LiuHCG19,
  author    = {Xiaodong Liu and
               Pengcheng He and
               Weizhu Chen and
               Jianfeng Gao},
  title     = {Multi-Task Deep Neural Networks for Natural Language Understanding},
  booktitle = {{ACL}},
  pages     = {4487--4496},
  year      = {2019}
}

@article{louizos2017learning,
  title={Learning Sparse Neural Networks through $ L\_0 $ Regularization},
  author={Louizos, Christos and Welling, Max and Kingma, Diederik P},
  journal={arXiv preprint arXiv:1712.01312},
  year={2017}
}

@inproceedings{DBLP:journals/corr/LuongLSVK15,
  author    = {Minh{-}Thang Luong and
               Quoc V. Le and
               Ilya Sutskever and
               Oriol Vinyals and
               Lukasz Kaiser},
  title     = {Multi-task Sequence to Sequence Learning},
  booktitle = {{ICLR}},
  year      = {2016}
}

@inproceedings{DBLP:conf/acl/MaH16,
  author    = {Xuezhe Ma and
               Eduard H. Hovy},
  title     = {End-to-end Sequence Labeling via Bi-directional LSTM-CNNs-CRF},
  booktitle = {{ACL}},
  year      = {2016}
}

@article{macleod1991half,
  title={Half a century of research on the Stroop effect: an integrative review.},
  author={MacLeod, Colin M},
  journal={Psychological bulletin},
  volume={109},
  number={2},
  pages={163},
  year={1991},
  publisher={American Psychological Association}
}

@article{DBLP:journals/coling/MarcusSM94,
  author    = {Mitchell P. Marcus and
               Beatrice Santorini and
               Mary Ann Marcinkiewicz},
  title     = {Building a Large Annotated Corpus of English: The Penn Treebank},
  journal   = {Computational Linguistics},
  volume    = {19},
  number    = {2},
  pages     = {313--330},
  year      = {1993}
}

@inproceedings{DBLP:conf/cvpr/MisraSGH16,
  author    = {Ishan Misra and
               Abhinav Shrivastava and
               Abhinav Gupta and
               Martial Hebert},
  title     = {Cross-Stitch Networks for Multi-task Learning},
  booktitle = {{CVPR}},
  pages     = {3994--4003},
  year      = {2016}
}

@inproceedings{DBLP:conf/icml/MolchanovAV17,
  author    = {Dmitry Molchanov and
               Arsenii Ashukha and
               Dmitry P. Vetrov},
  title     = {Variational Dropout Sparsifies Deep Neural Networks},
  booktitle = {{ICML}},
  pages     = {2498--2507},
  year      = {2017}
}

@inproceedings{DBLP:conf/emnlp/PenningtonSM14,
  author    = {Jeffrey Pennington and
               Richard Socher and
               Christopher D. Manning},
  title     = {Glove: Global Vectors for Word Representation},
  booktitle = {{EMNLP}},
  pages     = {1532--1543},
  year      = {2014}
}

@article{pessoa2014understanding,
  title={Understanding brain networks and brain organization},
  author={Pessoa, Luiz},
  journal={Physics of life reviews},
  volume={11},
  number={3},
  pages={400--435},
  year={2014},
  publisher={Elsevier}
}

@inproceedings{DBLP:conf/eacl/PlankA17,
  author    = {Barbara Plank and
               H{\'{e}}ctor Mart{\'{\i}}nez Alonso},
  title     = {When is multitask learning effective? Semantic sequence prediction
               under varying data conditions},
  booktitle = {{EACL}},
  pages     = {44--53},
  year      = {2017}
}

@inproceedings{DBLP:conf/conll/PradhanMXUZ12,
  author    = {Sameer Pradhan and
               Alessandro Moschitti and
               Nianwen Xue and
               Olga Uryupina and
               Yuchen Zhang},
  title     = {CoNLL-2012 Shared Task: Modeling Multilingual Unrestricted Coreference
               in OntoNotes},
  booktitle = {{EMNLP-CoNLL Shared Task}},
  pages     = {1--40},
  year      = {2012}
}

@inproceedings{DBLP:conf/aaai/RealAHL19,
  author    = {Esteban Real and
               Alok Aggarwal and
               Yanping Huang and
               Quoc V. Le},
  title     = {Regularized Evolution for Image Classifier Architecture Search},
  booktitle = {{AAAI}},
  pages     = {4780--4789},
  year      = {2019}
}

@inproceedings{DBLP:conf/aaai/RuderBAS19,
  author    = {Sebastian Ruder and
               Joachim Bingel and
               Isabelle Augenstein and
               Anders S{\o}gaard},
  title     = {Latent Multi-Task Architecture Learning},
  booktitle = {{AAAI}},
  pages     = {4822--4829},
  year      = {2019}
}

@inproceedings{DBLP:conf/conll/SangM03,
  author    = {Erik F. Tjong Kim Sang and
               Fien De Meulder},
  title     = {Introduction to the CoNLL-2003 Shared Task: Language-Independent Named
               Entity Recognition},
  booktitle = {{HLT-NAACL}},
  pages     = {142--147},
  year      = {2003}
}

@inproceedings{DBLP:conf/aaai/SanhWR19,
  author    = {Victor Sanh and
               Thomas Wolf and
               Sebastian Ruder},
  title     = {A Hierarchical Multi-Task Approach for Learning Embeddings from Semantic
               Tasks},
  booktitle = {{AAAI}},
  pages     = {6949--6956},
  year      = {2019}
}

@inproceedings{DBLP:conf/acl/SogaardG16,
  author    = {Anders S{\o}gaard and
               Yoav Goldberg},
  title     = {Deep multi-task learning with low level tasks supervised at lower
               layers},
  booktitle = {{ACL}},
  year      = {2016}
}

@article{DBLP:journals/jmlr/SrivastavaHKSS14,
  author    = {Nitish Srivastava and
               Geoffrey E. Hinton and
               Alex Krizhevsky and
               Ilya Sutskever and
               Ruslan Salakhutdinov},
  title     = {Dropout: a simple way to prevent neural networks from overfitting},
  journal   = {J. Mach. Learn. Res.},
  volume    = {15},
  number    = {1},
  pages     = {1929--1958},
  year      = {2014}
}

@inproceedings{DBLP:conf/iclr/SubramanianTBP18,
  author    = {Sandeep Subramanian and
               Adam Trischler and
               Yoshua Bengio and
               Christopher J. Pal},
  title     = {Learning General Purpose Distributed Sentence Representations via
               Large Scale Multi-task Learning},
  booktitle = {{ICLR}},
  year      = {2018}
}

@inproceedings{DBLP:conf/conll/SangB00,
  author    = {Erik F. Tjong Kim Sang and
               Sabine Buchholz},
  title     = {Introduction to the CoNLL-2000 Shared Task Chunking},
  booktitle = {{CoNLL-LLL}},
  pages     = {127--132},
  year      = {2000}
}

@inproceedings{DBLP:conf/icml/LaffertyMP01,
  author    = {John D. Lafferty and
               Andrew McCallum and
               Fernando C. N. Pereira},
  title     = {Conditional Random Fields: Probabilistic Models for Segmenting and
               Labeling Sequence Data},
  booktitle = {{ICML}},
  pages     = {282--289},
  year      = {2001}
}

@article{yu2019playing,
  title={Playing the lottery with rewards and multiple languages: lottery tickets in RL and NLP},
  author={Yu, Haonan and Edunov, Sergey and Tian, Yuandong and Morcos, Ari S},
  journal={arXiv preprint arXiv:1906.02768},
  year={2019}
}

@inproceedings{DBLP:conf/cvpr/ZamirSSGMS18,
  author    = {Amir Roshan Zamir and
               Alexander Sax and
               William B. Shen and
               Leonidas J. Guibas and
               Jitendra Malik and
               Silvio Savarese},
  title     = {Taskonomy: Disentangling Task Transfer Learning},
  booktitle = {{CVPR}},
  pages     = {3712--3722},
  year      = {2018}
}

@inproceedings{DBLP:conf/iclr/ZophL17,
  author    = {Barret Zoph and
               Quoc V. Le},
  title     = {Neural Architecture Search with Reinforcement Learning},
  booktitle = {{ICLR}},
  year      = {2017}
}

@inproceedings{DBLP:conf/ijcai/LiuQH16,
  author    = {Pengfei Liu and
               Xipeng Qiu and
               Xuanjing Huang},
  title     = {Recurrent Neural Network for Text Classification with Multi-Task Learning},
  booktitle = {{IJCAI}},
  pages     = {2873--2879},
  year      = {2016}
}

@inproceedings{DBLP:conf/aaai/LiuFDQC19,
  author    = {Pengfei Liu and
               Jie Fu and
               Yue Dong and
               Xipeng Qiu and
               Jackie Chi Kit Cheung},
  title     = {Learning Multi-Task Communication with Message Passing for Sequence
               Learning},
  booktitle = {{AAAI}},
  pages     = {4360--4367},
  year      = {2019}
}

@inproceedings{DBLP:conf/acl/LiuQH17,
  author    = {Pengfei Liu and
               Xipeng Qiu and
               Xuanjing Huang},
  title     = {Adversarial Multi-task Learning for Text Classification},
  booktitle = {{ACL}},
  pages     = {1--10},
  year      = {2017}
}