@article{lesche1982instabilities,
  title={Instabilities of R{\'e}nyi entropies},
  author={Lesche, Bernhard},
  journal={Journal of Statistical physics},
  volume={27},
  number={2},
  pages={419--422},
  year={1982},
  publisher={Kluwer Academic Publishers-Plenum Publishers}
}
@inproceedings{boucheron2003concentration,
	title={Concentration inequalities},
	author={Boucheron, St{\'e}phane and Lugosi, G{\'a}bor and Bousquet, Olivier},
	booktitle={Summer School on Machine Learning},
	pages={208--240},
	year={2003},
	organization={Springer}
}
@article{antos2001convergence,
	title={Convergence properties of functional estimates for discrete distributions},
	author={Antos, Andr{\'a}s and Kontoyiannis, Ioannis},
	journal={Random Structures \& Algorithms},
	volume={19},
	number={3-4},
	pages={163--193},
	year={2001},
	publisher={Wiley Online Library}
}