@article{henrich2006costly,
  title={Costly punishment across human societies},
  author={Henrich, Joseph and McElreath, Richard and Barr, Abigail and Ensminger, Jean and Barrett, Clark and Bolyanatz, Alexander and Cardenas, Juan Camilo and Gurven, Michael and Gwako, Edwins and Henrich, Natalie and others},
  journal={Science},
  volume={312},
  number={5781},
  pages={1767--1770},
  year={2006},
  publisher={American Association for the Advancement of Science}
}


@incollection{branting1998automating,
  title={Automating judicial document drafting: A discourse-based approach},
  author={Branting, L Karl and Lester, James C and Callaway, Charles B},
  booktitle={Judicial Applications of Artificial Intelligence},
  pages={7--45},
  year={1998},
  publisher={Springer}
}

@incollection{sartor1998introduction,
  title={Introduction: judicial applications of artificial intelligence},
  author={Sartor, Giovanni and Branting, L Karl},
  booktitle={Judicial Applications of Artificial Intelligence},
  pages={1--6},
  year={1998},
  publisher={Springer}
}

@article{sourdin2018judge,
  title={Judge v Robot?: Artificial intelligence and judicial decision-making},
  author={Sourdin, Tania},
  journal={University of New South Wales Law Journal, The},
  volume={41},
  number={4},
  pages={1114--1133},
  year={2018}
}

@inproceedings{briggs2015sorry,
  title={“Sorry, I can’t do that”: Developing Mechanisms to Appropriately Reject Directives in Human-Robot Interactions},
  author={Briggs, Gordon Michael and Scheutz, Matthias},
  booktitle={2015 AAAI fall symposium series},
  year={2015}
}

@inproceedings{jung2015using,
  title={Using robots to moderate team conflict: the case of repairing violations},
  author={Jung, Malte F and Martelaro, Nikolas and Hinds, Pamela J},
  booktitle={Proceedings of the tenth annual ACM/IEEE international conference on human-robot interaction},
  pages={229--236},
  year={2015}
}

@inproceedings{jackson2019tact,
  title={Tact in noncompliance: The need for pragmatically apt responses to unethical commands},
  author={Jackson, Ryan Blake and Wen, Ruchen and Williams, Tom},
  booktitle={Proceedings of the 2019 AAAI/ACM Conference on AI, Ethics, and Society},
  pages={499--505},
  year={2019}
}

@article{ulenaers2020impact,
  title={The Impact of Artificial Intelligence on the Right to a Fair Trial: Towards a Robot Judge?},
  author={Ulenaers, Jasper},
  journal={Asian Journal of Law and Economics},
  volume={11},
  number={2},
  year={2020},
  publisher={De Gruyter}
}

@article{chen2021having,
  title={Having Your Day in Robot Court},
  author={Chen, Benjamin Minhao and Stremitzer, Alexander and Tobia, Kevin},
  journal={UCLA School of Law, Public Law Research Paper},
  number={21-20},
  year={2021}
}

@article{casey2020will,
  title={Will Robot Judges Change Litigation and Settlement Outcomes? A First Look at the Algorithmic Replication of Prior Cases},
  author={Casey, Anthony J and Niblett, Anthony},
  journal={A First Look at the Algorithmic Replication of Prior Cases (June 5, 2020)},
  year={2020}
}

@book{o2016weapons,
  title={Weapons of math destruction: How big data increases inequality and threatens democracy},
  author={O'neil, Cathy},
  year={2016},
  publisher={Crown}
}

@inproceedings{von1990proportionality,
  title={Proportionality in the philosophy of punishment: From “why punish?” to “how much?”},
  author={Von Hirsch, Andrew},
  booktitle={Criminal Law Forum},
  volume={1},
  number={2},
  pages={259--290},
  year={1990},
  organization={Springer}
}

@article{tyler2006psychological,
  title={Psychological perspectives on legitimacy and legitimation},
  author={Tyler, Tom R},
  journal={Annu. Rev. Psychol.},
  volume={57},
  pages={375--400},
  year={2006},
  publisher={Annual Reviews}
}

@article{suchman1995managing,
  title={Managing legitimacy: Strategic and institutional approaches},
  author={Suchman, Mark C},
  journal={Academy of management review},
  volume={20},
  number={3},
  pages={571--610},
  year={1995},
  publisher={Academy of Management Briarcliff Manor, NY 10510}
}

@book{tyler2021people,
  title={Why people obey the law},
  author={Tyler, Tom R},
  year={1990/2021},
  publisher={Princeton university press}
}

@article{volokh2018chief,
  title={Chief justice robots},
  author={Volokh, Eugene},
  journal={Duke LJ},
  volume={68},
  pages={1135},
  year={2018},
  publisher={HeinOnline}
}

@article{darley2003psychology,
  title={The psychology of compensatory and retributive justice},
  author={Darley, John M and Pittman, Thane S},
  journal={Personality and Social Psychology Review},
  volume={7},
  number={4},
  pages={324--336},
  year={2003},
  publisher={Sage Publications Sage CA: Los Angeles, CA}
}

@InCollection{sep-justice-retributive,
	author       =	{Walen, Alec},
	title        =	{{Retributive Justice}},
	booktitle    =	{The {Stanford} Encyclopedia of Philosophy},
	editor       =	{Edward N. Zalta},
	howpublished =	{\url{https://plato.stanford.edu/archives/sum2021/entries/justice-retributive/}},
	year         =	{2021},
	edition      =	{{S}ummer 2021},
	publisher    =	{Metaphysics Research Lab, Stanford University}
}

@incollection{miller1981social,
  title={The social psychology of punishment reactions},
  author={Miller, Dale T and Vidmar, Neil},
  booktitle={The justice motive in social behavior},
  pages={145--172},
  year={1981},
  publisher={Springer}
}

@incollection{hogan1981retributive,
  title={Retributive justice},
  author={Hogan, Robert and Emler, Nicholas P},
  booktitle={The justice motive in social behavior},
  pages={125--143},
  year={1981},
  publisher={Springer}
}

@article{ball1994just,
  title={Just and unjust punishment: Influences on subordinate performance and citizenship},
  author={Ball, Gail A and Trevino, Linda Klebe and Sims Jr, Henry P},
  journal={Academy of Management journal},
  volume={37},
  number={2},
  pages={299--322},
  year={1994},
  publisher={Academy of Management Briarcliff Manor, NY 10510}
}

@article{wagstaff1997overpunishment,
  title={Is overpunishment fairer than underpunishment? Perceptions of deviations from equity},
  author={Wagstaff, Graham F and Preece, Dawn},
  journal={Psychology, Crime and Law},
  volume={3},
  number={4},
  pages={261--274},
  year={1997},
  publisher={Taylor \& Francis}
}

@article{titlestad2019dynamic,
  title={The dynamic emergence of cooperative norms in a social dilemma},
  author={Titlestad, Kim and Snijders, TAB and Durrheim, Kevin and Quayle, Michael and Postmes, Tom},
  journal={Journal of Experimental Social Psychology},
  volume={84},
  pages={103799},
  year={2019},
  publisher={Elsevier}
}

@article{araujo2020ai,
  title={In AI we trust? Perceptions about automated decision-making by artificial intelligence},
  author={Araujo, Theo and Helberger, Natali and Kruikemeier, Sanne and De Vreese, Claes H},
  journal={AI \& SOCIETY},
  volume={35},
  number={3},
  pages={611--623},
  year={2020},
  publisher={Springer}
}

@inproceedings{marcinkowski2020implications,
  title={Implications of AI (un-) fairness in higher education admissions: the effects of perceived AI (un-) fairness on exit, voice and organizational reputation},
  author={Marcinkowski, Frank and Kieslich, Kimon and Starke, Christopher and L{\"u}nich, Marco},
  booktitle={Proceedings of the 2020 conference on fairness, accountability, and transparency},
  pages={122--130},
  year={2020}
}

@inproceedings{phillips2018human,
  title={What is human-like?: Decomposing robots’ human-like appearance using the anthropomorphic robot (abot) database},
  author={Phillips, Elizabeth and Zhao, Xuan and Ullman, Daniel and Malle, Bertram F},
  booktitle={2018 13th ACM/IEEE International Conference on Human-Robot Interaction (HRI)},
  pages={105--113},
  year={2018},
  organization={IEEE}
}