% generative methods
@inproceedings{ddpm_20_ho,
 author = {Ho, Jonathan and Jain, Ajay and Abbeel, Pieter},
 booktitle = {Advances in Neural Information Processing Systems},
 editor = {H. Larochelle and M. Ranzato and R. Hadsell and M.F. Balcan and H. Lin},
 pages = {6840--6851},
 publisher = {Curran Associates, Inc.},
 title = {Denoising Diffusion Probabilistic Models},
 url = {https://proceedings.neurips.cc/paper_files/paper/2020/file/4c5bcfec8584af0d967f1ab10179ca4b-Paper.pdf},
 volume = {33},
 year = {2020}
}

@InProceedings{dpm_15_jascha,
  title = 	 {Deep Unsupervised Learning using Nonequilibrium Thermodynamics},
  author = 	 {Sohl-Dickstein, Jascha and Weiss, Eric and Maheswaranathan, Niru and Ganguli, Surya},
  booktitle = 	 {Proceedings of the 32nd International Conference on Machine Learning},
  pages = 	 {2256--2265},
  year = 	 {2015},
  editor = 	 {Bach, Francis and Blei, David},
  volume = 	 {37},
  series = 	 {Proceedings of Machine Learning Research},
  address = 	 {Lille, France},
  month = 	 {07--09 Jul},
  publisher =    {PMLR},
  pdf = 	 {http://proceedings.mlr.press/v37/sohl-dickstein15.pdf},
  url = 	 {https://proceedings.mlr.press/v37/sohl-dickstein15.html}
}

@inproceedings{sgm_19_song,
 author = {Song, Yang and Ermon, Stefano},
 booktitle = {Advances in Neural Information Processing Systems},
 editor = {H. Wallach and H. Larochelle and A. Beygelzimer and F. d\textquotesingle Alch\'{e}-Buc and E. Fox and R. Garnett},
 pages = {},
 publisher = {Curran Associates, Inc.},
 title = {Generative Modeling by Estimating Gradients of the Data Distribution},
 url = {https://proceedings.neurips.cc/paper_files/paper/2019/file/3001ef257407d5a371a96dcd947c7d93-Paper.pdf},
 volume = {32},
 year = {2019}
}

@inproceedings{sgm_20_song,
 author = {Song, Yang and Ermon, Stefano},
 booktitle = {Advances in Neural Information Processing Systems},
 editor = {H. Larochelle and M. Ranzato and R. Hadsell and M.F. Balcan and H. Lin},
 pages = {12438--12448},
 publisher = {Curran Associates, Inc.},
 title = {Improved Techniques for Training Score-Based Generative Models},
 url = {https://proceedings.neurips.cc/paper_files/paper/2020/file/92c3b916311a5517d9290576e3ea37ad-Paper.pdf},
 volume = {33},
 year = {2020}
}

@inproceedings{scoresde_21_song,
title={Score-Based Generative Modeling through Stochastic Differential Equations},
author={Yang Song and Jascha Sohl-Dickstein and Diederik P Kingma and Abhishek Kumar and Stefano Ermon and Ben Poole},
booktitle={International Conference on Learning Representations},
year={2021},
url={https://openreview.net/forum?id=PxTIG12RRHS}
}

@inproceedings{mlscoresde_21_song,
 author = {Song, Yang and Durkan, Conor and Murray, Iain and Ermon, Stefano},
 booktitle = {Advances in Neural Information Processing Systems},
 editor = {M. Ranzato and A. Beygelzimer and Y. Dauphin and P.S. Liang and J. Wortman Vaughan},
 pages = {1415--1428},
 publisher = {Curran Associates, Inc.},
 title = {Maximum Likelihood Training of Score-Based Diffusion Models},
 url = {https://proceedings.neurips.cc/paper_files/paper/2021/file/0a9fdbb17feb6ccb7ec405cfb85222c4-Paper.pdf},
 volume = {34},
 year = {2021}
}

@misc{vae_13_kingma,
      title={Auto-Encoding Variational Bayes}, 
      author={Diederik P Kingma and Max Welling},
      year={2022},
      eprint={1312.6114},
      doi={10.48550/arXiv.1312.6114},
      archivePrefix={arXiv},
      primaryClass={stat.ML}
}

@InProceedings{vae_14_rezende,
  title = 	 {Stochastic Backpropagation and Approximate Inference in Deep Generative Models},
  author = 	 {Rezende, Danilo Jimenez and Mohamed, Shakir and Wierstra, Daan},
  booktitle = 	 {Proceedings of the 31st International Conference on Machine Learning},
  pages = 	 {1278--1286},
  year = 	 {2014},
  editor = 	 {Xing, Eric P. and Jebara, Tony},
  volume = 	 {32},
  number =       {2},
  series = 	 {Proceedings of Machine Learning Research},
  address = 	 {Bejing, China},
  month = 	 {22--24 Jun},
  publisher =    {PMLR},
  url = 	 {https://proceedings.mlr.press/v32/rezende14.html}
}

@article{introvae_19_kingma,
author = {Kingma, Diederik P. and Welling, Max},
title = {An Introduction to Variational Autoencoders},
year = {2019},
issue_date = {Nov 2019},
publisher = {Now Publishers Inc.},
address = {Hanover, MA, USA},
volume = {12},
number = {4},
issn = {1935-8237},
url = {https://doi.org/10.1561/2200000056},
doi = {10.1561/2200000056},
journal = {Found. Trends Mach. Learn.},
month = {nov},
pages = {307–392},
numpages = {89}
}

@misc{nice_15_dinh,
      title={NICE: Non-linear Independent Components Estimation}, 
      author={Laurent Dinh and David Krueger and Yoshua Bengio},
      year={2015},
      eprint={1410.8516},
      doi={10.48550/arXiv.1410.8516},
      archivePrefix={arXiv},
      primaryClass={cs.LG}
}

@inproceedings{density_17_dinh,
title={Density estimation using Real {NVP}},
author={Laurent Dinh and Jascha Sohl-Dickstein and Samy Bengio},
booktitle={International Conference on Learning Representations},
year={2017},
url={https://openreview.net/forum?id=HkpbnH9lx}
}

@inproceedings{gan_14_goodfellow,
 author = {Goodfellow, Ian and Pouget-Abadie, Jean and Mirza, Mehdi and Xu, Bing and Warde-Farley, David and Ozair, Sherjil and Courville, Aaron and Bengio, Yoshua},
 booktitle = {Advances in Neural Information Processing Systems},
 editor = {Z. Ghahramani and M. Welling and C. Cortes and N. Lawrence and K.Q. Weinberger},
 pages = {},
 publisher = {Curran Associates, Inc.},
 title = {Generative Adversarial Nets},
 url = {https://proceedings.neurips.cc/paper_files/paper/2014/file/5ca3e9b122f61f8f06494c97b1afccf3-Paper.pdf},
 volume = {27},
 year = {2014}
}

@misc{conditionalgan_14_mirza,
      title={Conditional Generative Adversarial Nets}, 
      author={Mehdi Mirza and Simon Osindero},
      year={2014},
      eprint={1411.1784},
      archivePrefix={arXiv},
      doi={10.48550/arXiv.1411.1784},
      primaryClass={cs.LG}
}

@InProceedings{wgan_17_arjovsky,
  title = 	 {{W}asserstein Generative Adversarial Networks},
  author =       {Martin Arjovsky and Soumith Chintala and L{\'e}on Bottou},
  booktitle = 	 {Proceedings of the 34th International Conference on Machine Learning},
  pages = 	 {214--223},
  year = 	 {2017},
  editor = 	 {Precup, Doina and Teh, Yee Whye},
  volume = 	 {70},
  series = 	 {Proceedings of Machine Learning Research},
  month = 	 {06--11 Aug},
  publisher =    {PMLR},
  url = 	 {https://proceedings.mlr.press/v70/arjovsky17a.html}
}

% related works

@inproceedings{diffab_22_luo,
title={Antigen-Specific Antibody Design and Optimization with Diffusion-Based Generative Models for Protein Structures},
author={Shitong Luo and Yufeng Su and Xingang Peng and Sheng Wang and Jian Peng and Jianzhu Ma},
booktitle={Advances in Neural Information Processing Systems},
editor={Alice H. Oh and Alekh Agarwal and Danielle Belgrave and Kyunghyun Cho},
year={2022},
url={https://openreview.net/forum?id=jSorGn2Tjg}
}

@inproceedings{protseed_23_shi,
title={Protein Sequence and Structure Co-Design with Equivariant Translation},
author={Chence Shi and Chuanrui Wang and Jiarui Lu and Bozitao Zhong and Jian Tang},
booktitle={The Eleventh International Conference on Learning Representations },
year={2023},
url={https://openreview.net/forum?id=pRCMXcfdihq}
}

@InProceedings{edm_22_hoogeboom,
  title = 	 {Equivariant Diffusion for Molecule Generation in 3{D}},
  author =       {Hoogeboom, Emiel and Satorras, V\'{\i}ctor Garcia and Vignac, Cl{\'e}ment and Welling, Max},
  booktitle = 	 {Proceedings of the 39th International Conference on Machine Learning},
  pages = 	 {8867--8887},
  year = 	 {2022},
  volume = 	 {162},
  series = 	 {Proceedings of Machine Learning Research},
  url = 	 {https://proceedings.mlr.press/v162/hoogeboom22a.html},
  month = 	 {17--23 Jul},
  publisher =    {PMLR},
}

@inproceedings{targetdiff_23_guan,
title={3D Equivariant Diffusion for Target-Aware Molecule Generation and Affinity Prediction},
author={Jiaqi Guan and Wesley Wei Qian and Xingang Peng and Yufeng Su and Jian Peng and Jianzhu Ma},
booktitle={The Eleventh International Conference on Learning Representations },
year={2023},
url={https://openreview.net/forum?id=kJqXEPXMsE0}
}

@inproceedings{gschnet_19_wallach,
 author = {Gebauer, Niklas and Gastegger, Michael and Sch\"{u}tt, Kristof},
 booktitle = {Advances in Neural Information Processing Systems},
 editor = {H. Wallach and H. Larochelle and A. Beygelzimer and F. d\textquotesingle Alch\'{e}-Buc and E. Fox and R. Garnett},
 pages = {},
 publisher = {Curran Associates, Inc.},
 title = {Symmetry-adapted generation of 3d point sets for the targeted discovery of molecules},
 url = {https://proceedings.neurips.cc/paper/2019/file/a4d8e2a7e0d0c102339f97716d2fdfb6-Paper.pdf},
 volume = {32},
 year = {2019}
}

@inproceedings{gshperenet_22_luo,
title={An Autoregressive Flow Model for 3D Molecular Geometry Generation from Scratch},
author={Youzhi Luo and Shuiwang Ji},
booktitle={International Conference on Learning Representations},
year={2022},
pages = {18},
url={https://openreview.net/forum?id=C03Ajc-NS5W}
}

@inproceedings{moflow_20_zang,
author = {Zang, Chengxi and Wang, Fei},
title = {MoFlow: An Invertible Flow Model for Generating Molecular Graphs},
year = {2020},
isbn = {9781450379984},
publisher = {Association for Computing Machinery},
address = {New York, NY, USA},
url = {https://doi.org/10.1145/3394486.3403104},
doi = {10.1145/3394486.3403104},
booktitle = {Proceedings of the 26th ACM SIGKDD International Conference on Knowledge Discovery \& Data Mining},
pages = {617–626},
numpages = {10},
keywords = {graph generative model, deep generative model, graph conditional flow, molecular graph optimization, de novo drug design, molecular graph generation, graph normalizing flow},
location = {Virtual Event, CA, USA},
series = {KDD '20}
}

@inproceedings{graphaf_20_shi,
title={GraphAF: a Flow-based Autoregressive Model for Molecular Graph Generation},
author={Chence Shi and Minkai Xu and Zhaocheng Zhu and Weinan Zhang and Ming Zhang and Jian Tang},
booktitle={International Conference on Learning Representations},
year={2020},
url={https://openreview.net/forum?id=S1esMkHYPr}
}

@InProceedings{jtvae_18_jin,
  title = 	 {Junction Tree Variational Autoencoder for Molecular Graph Generation},
  author =       {Jin, Wengong and Barzilay, Regina and Jaakkola, Tommi},
  booktitle = 	 {Proceedings of the 35th International Conference on Machine Learning},
  pages = 	 {2323--2332},
  year = 	 {2018},
  editor = 	 {Dy, Jennifer and Krause, Andreas},
  volume = 	 {80},
  series = 	 {Proceedings of Machine Learning Research},
  month = 	 {10--15 Jul},
  publisher =    {PMLR},
  pdf = 	 {http://proceedings.mlr.press/v80/jin18a/jin18a.pdf},
  url = 	 {https://proceedings.mlr.press/v80/jin18a.html},
}

@inproceedings{cgvae_18_liu,
 author = {Liu, Qi and Allamanis, Miltiadis and Brockschmidt, Marc and Gaunt, Alexander},
 booktitle = {Advances in Neural Information Processing Systems},
 editor = {S. Bengio and H. Wallach and H. Larochelle and K. Grauman and N. Cesa-Bianchi and R. Garnett},
 pages = {},
 publisher = {Curran Associates, Inc.},
 title = {Constrained Graph Variational Autoencoders for Molecule Design},
 url = {https://proceedings.neurips.cc/paper/2018/file/b8a03c5c15fcfa8dae0b03351eb1742f-Paper.pdf},
 volume = {31},
 year = {2018}
}

@inproceedings{graphebm_21_liu,
title={Graph{EBM}: Molecular Graph Generation with Energy-Based Models},
author={Meng Liu and Keqiang Yan and Bora Oztekin and Shuiwang Ji},
booktitle={Energy Based Models Workshop - ICLR 2021},
year={2021},
url={https://openreview.net/forum?id=Gc51PtL_zYw}
}

@inproceedings{mdm_23_huang,
  title={Mdm: Molecular diffusion model for 3d molecule generation},
  author={Huang, Lei and Zhang, Hengtong and Xu, Tingyang and Wong, Ka-Chun},
  booktitle={Proceedings of the AAAI Conference on Artificial Intelligence},
  volume={37},
  number={4},
  pages={5105--5112},
  year={2023}
}

@inproceedings{midi_23_vignac,
title={MiDi: Mixed Graph and 3D Denoising Diffusion for Molecule Generation},
author={Clement Vignac and Nagham Osman and Laura Toni and Pascal Frossard},
booktitle={ICLR 2023 - Machine Learning for Drug Discovery workshop},
year={2023},
url={https://openreview.net/forum?id=M6Ifac3G4HK}
}

@inproceedings{digress_22_vignac,
  title={DiGress: Discrete Denoising diffusion for graph generation},
  author={Vignac, Clement and Krawczuk, Igor and Siraudin, Antoine and Wang, Bohan and Cevher, Volkan and Frossard, Pascal},
  booktitle={International Conference on Learning Representations},
  year={2023}
}

@InProceedings{edpgnn_20_niu,
  title = 	 {Permutation Invariant Graph Generation via Score-Based Generative Modeling},
  author =       {Niu, Chenhao and Song, Yang and Song, Jiaming and Zhao, Shengjia and Grover, Aditya and Ermon, Stefano},
  booktitle = 	 {Proceedings of the Twenty Third International Conference on Artificial Intelligence and Statistics},
  pages = 	 {4474--4484},
  year = 	 {2020},
  editor = 	 {Chiappa, Silvia and Calandra, Roberto},
  volume = 	 {108},
  series = 	 {Proceedings of Machine Learning Research},
  url = 	 {https://proceedings.mlr.press/v108/niu20a.html},
  month = 	 {26--28 Aug},
  publisher =    {PMLR}
}

@InProceedings{unet_15_ronneberger,
author="Ronneberger, Olaf
and Fischer, Philipp
and Brox, Thomas",
editor="Navab, Nassir
and Hornegger, Joachim
and Wells, William M.
and Frangi, Alejandro F.",
title="U-Net: Convolutional Networks for Biomedical Image Segmentation",
booktitle="Medical Image Computing and Computer-Assisted Intervention -- MICCAI 2015",
year="2015",
publisher="Springer International Publishing",
address="Cham",
pages="234--241",
isbn="978-3-319-24574-4",
doi="10.1007/978-3-319-24574-4_28"
}

@InProceedings{mofusion_22_dabral,
    author    = {Dabral, Rishabh and Mughal, Muhammad Hamza and Golyanik, Vladislav and Theobalt, Christian},
    title     = {Mofusion: A Framework for Denoising-Diffusion-Based Motion Synthesis},
    booktitle = {Proceedings of the IEEE/CVF Conference on Computer Vision and Pattern Recognition (CVPR)},
    month     = {June},
    year      = {2023},
    pages     = {9760-9770}
}

@InProceedings{modi_22_raab,
    author    = {Raab, Sigal and Leibovitch, Inbal and Li, Peizhuo and Aberman, Kfir and Sorkine-Hornung, Olga and Cohen-Or, Daniel},
    title     = {MoDi: Unconditional Motion Synthesis From Diverse Data},
    booktitle = {Proceedings of the IEEE/CVF Conference on Computer Vision and Pattern Recognition (CVPR)},
    month     = {June},
    year      = {2023},
    pages     = {13873-13883}
}



@InProceedings{blendeddiffusion_22_avrahami,
    author    = {Avrahami, Omri and Lischinski, Dani and Fried, Ohad},
    title     = {Blended Diffusion for Text-Driven Editing of Natural Images},
    booktitle = {Proceedings of the IEEE/CVF Conference on Computer Vision and Pattern Recognition (CVPR)},
    month     = {June},
    year      = {2022},
    pages     = {18208-18218}
}

@InProceedings{gradforshapegen_20_cai,
author="Cai, Ruojin
and Yang, Guandao
and Averbuch-Elor, Hadar
and Hao, Zekun
and Belongie, Serge
and Snavely, Noah
and Hariharan, Bharath",
editor="Vedaldi, Andrea
and Bischof, Horst
and Brox, Thomas
and Frahm, Jan-Michael",
title="Learning Gradient Fields for Shape Generation",
booktitle="Computer Vision -- ECCV 2020",
year="2020",
publisher="Springer International Publishing",
address="Cham",
pages="364--381",
isbn="978-3-030-58580-8"
}

@article{cascadeddiff_22_ho,
  author  = {Jonathan Ho and Chitwan Saharia and William Chan and David J. Fleet and Mohammad Norouzi and Tim Salimans},
  title   = {Cascaded Diffusion Models for High Fidelity Image Generation},
  journal = {Journal of Machine Learning Research},
  year    = {2022},
  volume  = {23},
  number  = {47},
  pages   = {1--33},
  url     = {http://jmlr.org/papers/v23/21-0635.html}
}

@InProceedings{sgmpointcloud_21_luo,
    author    = {Luo, Shitong and Hu, Wei},
    title     = {Score-Based Point Cloud Denoising},
    booktitle = {Proceedings of the IEEE/CVF International Conference on Computer Vision (ICCV)},
    month     = {October},
    year      = {2021},
    pages     = {4583-4592}
}

@inproceedings{struccddpm_21_austin,
 author = {Austin, Jacob and Johnson, Daniel D. and Ho, Jonathan and Tarlow, Daniel and van den Berg, Rianne},
 booktitle = {Advances in Neural Information Processing Systems},
 editor = {M. Ranzato and A. Beygelzimer and Y. Dauphin and P.S. Liang and J. Wortman Vaughan},
 pages = {17981--17993},
 publisher = {Curran Associates, Inc.},
 title = {Structured Denoising Diffusion Models in Discrete State-Spaces},
 url = {https://proceedings.neurips.cc/paper_files/paper/2021/file/958c530554f78bcd8e97125b70e6973d-Paper.pdf},
 volume = {34},
 year = {2021}
}

@inproceedings{argmaxflow_21_hoogeboom,
 author = {Hoogeboom, Emiel and Nielsen, Didrik and Jaini, Priyank and Forr\'{e}, Patrick and Welling, Max},
 booktitle = {Advances in Neural Information Processing Systems},
 editor = {M. Ranzato and A. Beygelzimer and Y. Dauphin and P.S. Liang and J. Wortman Vaughan},
 pages = {12454--12465},
 publisher = {Curran Associates, Inc.},
 title = {Argmax Flows and Multinomial Diffusion: Learning Categorical Distributions},
 url = {https://proceedings.neurips.cc/paper_files/paper/2021/file/67d96d458abdef21792e6d8e590244e7-Paper.pdf},
 volume = {34},
 year = {2021}
}

@inproceedings{stepunrolled_22_savinov,
title={Step-unrolled Denoising Autoencoders for Text Generation},
author={Nikolay Savinov and Junyoung Chung and Mikolaj Binkowski and Erich Elsen and Aaron van den Oord},
booktitle={International Conference on Learning Representations},
year={2022},
url={https://openreview.net/forum?id=T0GpzBQ1Fg6}
}

@inproceedings{cdvae_22_xie,
title={Crystal Diffusion Variational Autoencoder for Periodic Material Generation},
author={Tian Xie and Xiang Fu and Octavian-Eugen Ganea and Regina Barzilay and Tommi S. Jaakkola},
booktitle={International Conference on Learning Representations},
year={2022},
url={https://openreview.net/forum?id=03RLpj-tc_}
}

@InProceedings{housediffusion_23_shabani,
    author    = {Shabani, Mohammad Amin and Hosseini, Sepidehsadat and Furukawa, Yasutaka},
    title     = {HouseDiffusion: Vector Floorplan Generation via a Diffusion Model With Discrete and Continuous Denoising},
    booktitle = {Proceedings of the IEEE/CVF Conference on Computer Vision and Pattern Recognition (CVPR)},
    month     = {June},
    year      = {2023},
    pages     = {5466-5475}
}

@inproceedings{nap_23_lei,
title={{NAP}: Neural 3D Articulated Object Prior},
author={Jiahui Lei and Congyue Deng and Bokui Shen and Leonidas Guibas and Kostas Daniilidis},
booktitle={Thirty-seventh Conference on Neural Information Processing Systems},
year={2023},
url={https://openreview.net/forum?id=TTkklyFv7e}
}

@InProceedings{confgf_21_shi,
  title = 	 {Learning Gradient Fields for Molecular Conformation Generation},
  author =       {Shi, Chence and Luo, Shitong and Xu, Minkai and Tang, Jian},
  booktitle = 	 {Proceedings of the 38th International Conference on Machine Learning},
  pages = 	 {9558--9568},
  year = 	 {2021},
  volume = 	 {139},
  series = 	 {Proceedings of Machine Learning Research},
  month = 	 {18--24 Jul},
  publisher =    {PMLR},
  pdf = 	 {http://proceedings.mlr.press/v139/shi21b/shi21b.pdf},
  url = 	 {https://proceedings.mlr.press/v139/shi21b.html}
}

@inproceedings{geodiff_22_xu,
title={GeoDiff: A Geometric Diffusion Model for Molecular Conformation Generation},
author={Minkai Xu and Lantao Yu and Yang Song and Chence Shi and Stefano Ermon and Jian Tang},
booktitle={International Conference on Learning Representations},
year={2022},
url={https://openreview.net/forum?id=PzcvxEMzvQC}
}

@inproceedings{spherenet_22_liu,
title={Spherical Message Passing for 3D Molecular Graphs},
author={Yi Liu and Limei Wang and Meng Liu and Yuchao Lin and Xuan Zhang and Bora Oztekin and Shuiwang Ji},
booktitle={International Conference on Learning Representations},
year={2022},
url={https://openreview.net/forum?id=givsRXsOt9r}
}

@InProceedings{egnn_21_satorras,
  title = 	 {E(n) Equivariant Graph Neural Networks},
  author =       {Satorras, V\'{\i}ctor Garcia and Hoogeboom, Emiel and Welling, Max},
  booktitle = 	 {Proceedings of the 38th International Conference on Machine Learning},
  pages = 	 {9323--9332},
  year = 	 {2021},
  volume = 	 {139},
  series = 	 {Proceedings of Machine Learning Research},
  month = 	 {18--24 Jul},
  publisher =    {PMLR},
  pdf = 	 {http://proceedings.mlr.press/v139/satorras21a/satorras21a.pdf},
  url = 	 {https://proceedings.mlr.press/v139/satorras21a.html}
}

@article{qm9_14_ramakrishnan,
  title={Quantum chemistry structures and properties of 134 kilo molecules},
  author={Ramakrishnan, Raghunathan and Dral, Pavlo O and Rupp, Matthias and Von Lilienfeld, O Anatole},
  journal={Scientific Data},
  volume={1},
  number={1},
  pages={1-7},
  year={2014},
  publisher={Nature Publishing Group},
  issn={2052-4463}
}

@article{drugs_22_axelrod,
  title={GEOM, energy-annotated molecular conformations for property prediction and molecular generation},
  author={Axelrod, Simon and Gomez-Bombarelli, Rafael},
  journal={Scientific Data},
  volume={9},
  number={1},
  pages={185},
  year={2022},
  publisher={Nature Publishing Group UK London}
}

@inproceedings{enf_21_satorras,
 author = {Garcia Satorras, Victor and Hoogeboom, Emiel and Fuchs, Fabian and Posner, Ingmar and Welling, Max},
 booktitle = {Advances in Neural Information Processing Systems},
 editor = {M. Ranzato and A. Beygelzimer and Y. Dauphin and P.S. Liang and J. Wortman Vaughan},
 pages = {4181--4192},
 publisher = {Curran Associates, Inc.},
 title = {E(n) Equivariant Normalizing Flows},
 url = {https://proceedings.neurips.cc/paper_files/paper/2021/file/21b5680d80f75a616096f2e791affac6-Paper.pdf},
 volume = {34},
 year = {2021}
}

@inproceedings{gcdm_23_morehead,
title={Geometry-Complete Diffusion for 3D Molecule Generation},
author={Alex Morehead and Jianlin Cheng},
booktitle={ICLR 2023 - Machine Learning for Drug Discovery workshop},
year={2023},
url={https://openreview.net/forum?id=X-tLu3OUE-d}
}

@inproceedings{vaediff_21_kingma,
 author = {Kingma, Diederik and Salimans, Tim and Poole, Ben and Ho, Jonathan},
 booktitle = {Advances in Neural Information Processing Systems},
 editor = {M. Ranzato and A. Beygelzimer and Y. Dauphin and P.S. Liang and J. Wortman Vaughan},
 pages = {21696--21707},
 publisher = {Curran Associates, Inc.},
 title = {Variational Diffusion Models},
 url = {https://proceedings.neurips.cc/paper_files/paper/2021/file/b578f2a52a0229873fefc2a4b06377fa-Paper.pdf},
 volume = {34},
 year = {2021}
}

@misc{moleformer_23_yuan,
      title={Molecular Geometry-aware Transformer for accurate 3D Atomic System modeling}, 
      author={Zheng Yuan and Yaoyun Zhang and Chuanqi Tan and Wei Wang and Fei Huang and Songfang Huang},
      year={2023},
      eprint={2302.00855},
      archivePrefix={arXiv},
      doi={10.48550/arXiv.2302.00855},
      primaryClass={q-bio.MN}
}

@inproceedings{diffpg_22_wu,
title={Diffusion-based Molecule Generation with Informative Prior Bridges},
author={Chengyue Gong and Lemeng Wu and Xingchao Liu and Mao Ye and qiang liu},
booktitle={NeurIPS 2022 AI for Science: Progress and Promises},
year={2022},
url={https://openreview.net/forum?id=QagNEt9k8Vi}
}

@inproceedings{schnet_17_schutt,
 author = {Sch\"{u}tt, Kristof and Kindermans, Pieter-Jan and Sauceda Felix, Huziel Enoc and Chmiela, Stefan and Tkatchenko, Alexandre and M\"{u}ller, Klaus-Robert},
 booktitle = {Advances in Neural Information Processing Systems},
 pages = {},
 publisher = {Curran Associates, Inc.},
 title = {SchNet: A continuous-filter convolutional neural network for modeling quantum interactions},
 volume = {30},
 year = {2017}
}

@article{molcode_23_zhang,
  title={An equivariant generative framework for molecular graph-structure Co-design},
  author={Zhang, Zaixi and Liu, Qi and Lee, Chee-Kong and Hsieh, Chang-Yu and Chen, Enhong},
  journal={Chemical Science},
  volume={14},
  number={31},
  pages={8380--8392},
  year={2023},
  publisher={Royal Society of Chemistry}
}


@InProceedings{geoldm_23_xu,
  title = 	 {Geometric Latent Diffusion Models for 3{D} Molecule Generation},
  author =       {Xu, Minkai and Powers, Alexander S and Dror, Ron O. and Ermon, Stefano and Leskovec, Jure},
  booktitle = 	 {Proceedings of the 40th International Conference on Machine Learning},
  pages = 	 {38592--38610},
  year = 	 {2023},
  volume = 	 {202},
  series = 	 {Proceedings of Machine Learning Research},
  month = 	 {23--29 Jul},
  publisher =    {PMLR}
}

@inproceedings{eegsde_23_bao,
title={Equivariant Energy-Guided {SDE} for Inverse Molecular Design},
author={Fan Bao and Min Zhao and Zhongkai Hao and Peiyao Li and Chongxuan Li and Jun Zhu},
booktitle={The Eleventh International Conference on Learning Representations },
year={2023},
url={https://openreview.net/forum?id=r0otLtOwYW}
}

