%% LSI (or LSA)
@inproceedings{Dumais88,
 author = {Dumais, S. T. and Furnas, G. W. and Landauer, T. K. and Deerwester, S. and Harshman, R.},
 title = {Using Latent Semantic Analysis to Improve Access to Textual Information},
 booktitle = {Proceedings of the SIGCHI Conference on Human Factors in Computing Systems},
 series = {CHI '88},
 year = {1988},
 isbn = {0-201-14237-6},
 location = {Washington, D.C., USA},
 pages = {281--285},
 numpages = {5},
 url = {http://doi.acm.org/10.1145/57167.57214},
 doi = {10.1145/57167.57214},
 acmid = {57214},
 publisher = {ACM},
 address = {New York, NY, USA}
} 

% LSA
@article{Deerwester90,
  added-at = {2014-03-19T20:07:38.000+0100},
  author = {Deerwester, S. and Dumais, S.T. and Furnas, G.W. and Landauer, T.K. and Harshman, R.A.},
  biburl = {https://www.bibsonomy.org/bibtex/2e740ea9eb09bf939da47645ce2502c25/jil},
  interhash = {c15e0f019b2b967d224e7443100e8ff9},
  intrahash = {e740ea9eb09bf939da47645ce2502c25},
  journal = {Journal of the American Society for Information Science 41},
  keywords = {1990 analysis deerwester indexing latent lsa lsi semantic},
  pages = {391-407},
  timestamp = {2014-03-20T00:46:09.000+0100},
  title = {Indexing by latent semantic analysis},
  url = {http://lsa.colorado.edu/papers/JASIS.lsi.90.pdf},
  year = 1990
}


 

%% pLSI - plsa
@inproceedings{Hofmann99,
 author = {Hofmann, Thomas},
 title = {Probabilistic Latent Semantic Indexing},
 booktitle = {Proceedings of the 22Nd Annual International ACM SIGIR Conference on Research and Development in Information Retrieval},
 series = {SIGIR '99},
 year = {1999},
 isbn = {1-58113-096-1},
 location = {Berkeley, California, USA},
 pages = {50--57},
 numpages = {8},
 url = {http://doi.acm.org/10.1145/312624.312649},
 doi = {10.1145/312624.312649},
 acmid = {312649},
 publisher = {ACM}
}
 
 
 %% LDA
 @article{Blei03,
 author = {Blei, David M. and Ng, Andrew Y. and Jordan, Michael I.},
 title = {Latent Dirichlet Allocation},
 journal = {Journal of machine Leraning research},
 issue_date = {3/1/2003},
 volume = {3},
 month = mar,
 year = {2003},
 issn = {1532-4435},
 pages = {993--1022},
 numpages = {30},
 url = {http://dl.acm.org/citation.cfm?id=944919.944937},
 acmid = {944937},
 publisher = {JMLR.org}
} 

% Survey LDA and topic modeling
@article{Blei12,
 author = {Blei, David M.},
 title = {Probabilistic Topic Models},
 journal = {Commun. ACM},
 issue_date = {April 2012},
 volume = {55},
 number = {4},
 month = apr,
 year = {2012},
 issn = {0001-0782},
 pages = {77--84},
 numpages = {8},
 url = {http://doi.acm.org/10.1145/2133806.2133826},
 doi = {10.1145/2133806.2133826},
 acmid = {2133826},
 publisher = {ACM},
 address = {New York, NY, USA}
} 


%% LDA Online
@inproceedings{hoffman10online,
  author={Matthew Hoffman and David M. Blei and Francis Bach},
  title={Online Learning for Latent Dirichlet Allocation},
  booktitle={NIPS},
  year={2010},
}


%% LDA supervised
@inproceedings{WangBL09,
  author    = {Chong Wang and
               David M. Blei and
               Fei{-}Fei Li},
  title     = {Simultaneous image classification and annotation},
  booktitle = {{IEEE} Computer Society Conference on Computer Vision and Pattern Recognition {(CVPR} 2009), Miami, Florida, {USA}},
  pages     = {1903--1910},
  year      = {2009}
}



%% LSA outperform LDA
@Inbook{Bergamaschi15,
author="Bergamaschi, Sonia
and Po, Laura",
editor="Monfort, Val{\'e}rie
and Krempels, Karl-Heinz",
title="Comparing LDA and LSA Topic Models for Content-Based Movie Recommendation Systems",
booktitle={Web Information Systems and Technologies: 10th International Conference, WEBIST 2014, Barcelona, Spain, April 3-5, 2014},
year="2015",
publisher="Springer International Publishing",
isbn="978-3-319-27030-2",
doi="10.1007/978-3-319-27030-2_16",
url="http://dx.doi.org/10.1007/978-3-319-27030-2_16"
}



%% LDA with word order
@inproceedings{Wallach06,
 author = {Wallach, Hanna M.},
 title = {Topic Modeling: Beyond Bag-of-words},
 booktitle = {Proceedings of the 23rd International Conference on Machine Learning},
 series = {ICML '06},
 year = {2006},
 isbn = {1-59593-383-2},
 location = {Pittsburgh, Pennsylvania, USA},
 pages = {977--984},
 numpages = {8},
 url = {http://doi.acm.org/10.1145/1143844.1143967},
 doi = {10.1145/1143844.1143967},
 acmid = {1143967},
 publisher = {ACM},
 address = {New York, NY, USA}
} 



% LDA with document order
@inproceedings{Blei06,
 author = {Blei, David M. and Lafferty, John D.},
 title = {Dynamic Topic Models},
 booktitle = {Proceedings of the 23rd International Conference on Machine Learning},
 series = {ICML '06},
 year = {2006},
 isbn = {1-59593-383-2},
 location = {Pittsburgh, Pennsylvania, USA},
 pages = {113--120},
 numpages = {8},
 url = {http://doi.acm.org/10.1145/1143844.1143859},
 doi = {10.1145/1143844.1143859},
 acmid = {1143859},
 publisher = {ACM},
 address = {New York, NY, USA}
} 


%Gibbs sampling original paper
@TECHREPORT{Griffiths02,
    author = {Tom Griffiths},
    title = {Gibbs sampling in the generative model of Latent Dirichlet Allocation},
    institution = {},
    year = {2002}
}

% Gibbs sampling, famous paper after the original one
@article{Griffitsh04,
author = {Griffiths, Thomas L. and Steyvers, Mark}, 
title = {Finding scientific topics},
volume = {101}, 
number = {suppl 1}, 
pages = {5228-5235}, 
year = {2004}, 
doi = {10.1073/pnas.0307752101}, 
URL = {http://www.pnas.org/content/101/suppl_1/5228.abstract}, 
eprint = {http://www.pnas.org/content/101/suppl_1/5228.full.pdf},
journal = {Proceedings of the National Academy of Sciences}
}



%%% WORD EMBEDDINGS

@article{Levy15,
	author = {Levy, Omer  and Goldberg, Yoav  and Dagan, Ido },
	title = {Improving Distributional Similarity with Lessons Learned from Word Embeddings},
	journal = {Transactions of the Association for Computational Linguistics},
	volume = {3},
	year = {2015},
	keywords = {},
	issn = {2307-387X},
	url = {https://transacl.org/ojs/index.php/tacl/article/view/570},
	pages = {211--225}
}


% Neural-based word embedding
@article{Bengio03,
  author    = {Yoshua Bengio and
               R{\'{e}}jean Ducharme and
               Pascal Vincent and
               Christian Janvin},
  title     = {A Neural Probabilistic Language Model},
  journal   = {Journal of Machine Learning Research},
  volume    = {3},
  pages     = {1137--1155},
  year      = {2003},
  url       = {http://www.jmlr.org/papers/v3/bengio03a.html},
  timestamp = {Thu, 05 Feb 2004 13:43:02 +0100},
  biburl    = {http://dblp2.uni-trier.de/rec/bib/journals/jmlr/BengioDVJ03},
  bibsource = {dblp computer science bibliography, http://dblp.org}
}

% Word embedding and deep learning
@inproceedings{Collobert08,
 author = {Collobert, Ronan and Weston, Jason},
 title = {A Unified Architecture for Natural Language Processing: Deep Neural Networks with Multitask Learning},
 booktitle = {Proceedings of the 25th International Conference on Machine Learning},
 series = {ICML '08},
 year = {2008},
 isbn = {978-1-60558-205-4},
 location = {Helsinki, Finland},
 pages = {160--167},
 numpages = {8},
 url = {http://doi.acm.org/10.1145/1390156.1390177},
 doi = {10.1145/1390156.1390177},
 acmid = {1390177},
 publisher = {ACM},
 address = {New York, NY, USA}
} 

% Word embedding based on Poitwise mutual information PMI
@inproceedings{Church89,
 author = {Church, Kenneth Ward and Hanks, Patrick},
 title = {Word Association Norms, Mutual Information, and Lexicography},
 booktitle = {Proceedings of the 27th Annual Meeting on Association for Computational Linguistics},
 series = {ACL '89},
 year = {1989},
 location = {Vancouver, British Columbia, Canada},
 pages = {76--83},
 numpages = {8},
 url = {http://dx.doi.org/10.3115/981623.981633},
 doi = {10.3115/981623.981633},
 acmid = {981633},
 publisher = {Association for Computational Linguistics},
 address = {Stroudsburg, PA, USA}
} 


% PPMI outperforms PMI
@Article{Bullinaria07,
author="Bullinaria, John A.
and Levy, Joseph P.",
title="Extracting semantic representations from word co-occurrence statistics: A computational study",
journal="Behavior Research Methods",
year="2007",
month="Aug",
day="01",
volume="39",
number="3",
pages="510--526",
doi="10.3758/BF03193020",
url="http://dx.doi.org/10.3758/BF03193020"
}


% Distributional hypothesis
@book{Firth57,
  title={A Synopsis of Linguistic Theory, 1930-1955},
  author={Firth, J.R.},
  url={https://books.google.co.uk/books?id=T8LDtgAACAAJ},
  year={1957}
}

% Distributional hypothesis 2
@article{Harris54,
author = {Zellig S. Harris},
title = {Distributional Structure},
journal = {<i>WORD</i>},
volume = {10},
number = {2-3},
pages = {146-162},
year = {1954},
doi = {10.1080/00437956.1954.11659520},
URL = {http://dx.doi.org/10.1080/00437956.1954.11659520}
}


% Word2vec - Introduction of SGNS
@article{Mikolov13a,
  author    = {Tomas Mikolov and
               Kai Chen and
               Greg Corrado and
               Jeffrey Dean},
  title     = {Efficient Estimation of Word Representations in Vector Space},
  journal   = {CoRR 2013},
  year      = {2013},
  url       = {http://arxiv.org/abs/1301.3781},
  bibsource = {dblp computer science bibliography, http://dblp.org}
}

% SGNS - word2vec - Introduction of the training algorithm
@inproceedings{Mikolov13b,
 author = {Mikolov, Tomas and Sutskever, Ilya and Chen, Kai and Corrado, Greg and Dean, Jeffrey},
 title = {Distributed Representations of Words and Phrases and Their Compositionality},
 booktitle = {Proc. of the 26th Int. Conf. on Neural Information Processing Systems},
 series = {NIPS'13},
 year = {2013},
 location = {Lake Tahoe, Nevada},
 pages = {3111--3119},
 numpages = {9},
 url = {http://dl.acm.org/citation.cfm?id=2999792.2999959},
 acmid = {2999959},
 address = {USA}
} 


% SGNS - word2vec
@inproceedings{Mikolov13c,
author = {Tomas Mikolov, Scott Wen-tau Yih, Geoffrey Zweig},
title = {Linguistic Regularities in Continuous Space Word Representations},
year = {2013},
month = {May},
publisher = {Association for Computational Linguistics},
}




% (Claimed) superiority of word2vec compared to others embedding
@article{baroni14,
  author = {{Marco Baroni, Georgiana Dinu}, Germán Kruszewski},
  description = {Don't count, predict! A systematic comparison of context-counting vs. context-predicting semantic vectors},
  journal = {52nd Annual Meeting of the Association for Computational Linguistics, ACL 2014 - Proceedings of the Conference},
  keywords = {representation semantic vector},
  pages = {238-247},
  title = {Don't count, predict! A systematic comparison of context-counting vs. context-predicting semantic vectors},
  volume = 1,
  year = 2014
}

% Word2vec perform PMI
@article{Goldberg14,
  author    = {Yoav Goldberg and
               Omer Levy},
  title     = {word2vec Explained: deriving Mikolov et al.'s negative-sampling word-embedding
               method},
  journal   = {CoRR},
  volume    = {abs/1402.3722},
  year      = {2014},
  url       = {http://arxiv.org/abs/1402.3722},
  timestamp = {Wed, 07 Jun 2017 14:43:07 +0200},
  biburl    = {http://dblp.uni-trier.de/rec/bib/journals/corr/GoldbergL14},
  bibsource = {dblp computer science bibliography, http://dblp.org}
}


% FastText B
@article{bojanowski16,
  title={Enriching Word Vectors with Subword Information},
  author={Bojanowski, Piotr and Grave, Edouard and Joulin, Armand and Mikolov, Tomas},
  journal={arXiv preprint arXiv:1607.04606},
  year={2016}
}

% FastText A
@article{Joulin16,
  author    = {Armand Joulin and
               Edouard Grave and
               Piotr Bojanowski and
               Tomas Mikolov},
  title     = {Bag of Tricks for Efficient Text Classification},
  journal   = {CoRR},
  volume    = {abs/1607.01759},
  year      = {2016},
  url       = {http://arxiv.org/abs/1607.01759},
  timestamp = {Wed, 07 Jun 2017 14:42:39 +0200},
  biburl    = {http://dblp.uni-trier.de/rec/bib/journals/corr/JoulinGBM16},
  bibsource = {dblp computer science bibliography, http://dblp.org}
}





@inproceedings{Rekabsaz17,
 author = {Rekabsaz, Navid and Lupu, Mihai and Hanbury, Allan and Zamani, Hamed},
 title = {Word Embedding Causes Topic Shifting; Exploit Global Context!},
 booktitle = {Proceedings of the 40th International ACM SIGIR Conference on Research and Development in Information Retrieval},
 series = {SIGIR '17},
 year = {2017},
 isbn = {978-1-4503-5022-8},
 location = {Shinjuku, Tokyo, Japan},
 pages = {1105--1108},
 numpages = {4},
 url = {http://doi.acm.org/10.1145/3077136.3080733},
 doi = {10.1145/3077136.3080733},
 acmid = {3080733}
} 



@inproceedings{Fei14,
  author    = {Geli Fei and
               Zhiyuan Chen and
               Bing Liu},
  title     = {Review Topic Discovery with Phrases using the P{\'{o}}lya Urn
               Model},
  booktitle = {{COLING} 2014, 25th International Conference on Computational Linguistics, Dublin, Ireland},
  pages     = {667--676},
  year      = {2014}
}


@book{Mahmoud08,
 author = {Mahmoud, Hosam},
 title = {Polya Urn Models},
 year = {2008},
 isbn = {1420059831, 9781420059830},
 edition = {1},
 publisher = {Chapman \& Hall/CRC},
} 





%%%% DEEP LEARNING
@article{HintonS06b,
  added-at = {2008-07-15T10:05:18.000+0200},
  author = {Hinton, G E and Salakhutdinov, R R},
  biburl = {http://www.bibsonomy.org/bibtex/2135bbce97b449ddf5fca7be88102b53c/tmalsburg},
  description = {Reducing the dimensionality of data with neural ne...[Science. 2006] - PubMed Result},
  doi = {10.1126/science.1127647},
  interhash = {019918b82518b74f443a22dc58a0117f},
  intrahash = {135bbce97b449ddf5fca7be88102b53c},
  journal = {Science},
  keywords = {dimensionalityreduction neuralnetworks parameterestimation},
  month = Jul,
  number = 5786,
  pages = {504-507},
  pmid = {16873662},
  timestamp = {2008-07-15T10:05:18.000+0200},
  title = {Reducing the dimensionality of data with neural networks},
  url = {http://www.ncbi.nlm.nih.gov/sites/entrez?db=pubmed&uid=16873662&cmd=showdetailview&indexed=google},
  volume = 313,
  year = 2006
}



%%% DEEP LEARNING AND WORD EMBEDDINGS
@inproceedings{Bengio13,
  author    = {Gr{\'{e}}goire Mesnil and
               Xiaodong He and
               Li Deng and
               Yoshua Bengio},
  title     = {Investigation of recurrent-neural-network architectures and learning
               methods for spoken language understanding},
  booktitle = {{INTERSPEECH} 2013, 14th Annual Conference of the International Speech
               Communication Association, Lyon, France, August 25-29, 2013},
  pages     = {3771--3775},
  year      = {2013},
  crossref  = {DBLP:conf/interspeech/2013},
  url       = {http://www.isca-speech.org/archive/interspeech_2013/i13_3771.html},
}

@inproceedings{KellerBengio05,
 author = {Keller, Mikaela and Bengio, Samy},
 title = {A Neural Network for Text Representation},
 booktitle = {Proceedings of the 15th International Conference on Artificial Neural Networks: Formal Models and Their Applications - Volume Part II},
 series = {ICANN'05},
 year = {2005},
 isbn = {3-540-28755-8, 978-3-540-28755-1},
 location = {Warsaw, Poland},
 pages = {667--672},
 numpages = {6},
 url = {http://dl.acm.org/citation.cfm?id=1986079.1986198},
 acmid = {1986198},
 publisher = {Springer-Verlag},
 address = {Berlin, Heidelberg}
} 

@inproceedings{Cao15,
 author = {Cao, Ziqiang and Li, Sujian and Liu, Yang and Li, Wenjie and Ji, Heng},
 title = {A Novel Neural Topic Model and Its Supervised Extension},
 booktitle = {Proceedings of the Twenty-Ninth AAAI Conference on Artificial Intelligence},
 series = {AAAI'15},
 year = {2015},
 isbn = {0-262-51129-0},
 location = {Austin, Texas},
 pages = {2210--2216},
 numpages = {7},
 url = {http://dl.acm.org/citation.cfm?id=2886521.2886628},
 acmid = {2886628},
 publisher = {AAAI Press}
} 


@techreport{zhu06taglda,
  title={TagLDA: bringing document structure knowledge into topic models},
  author={Zhu, Xiaojin and Blei, David and Lafferty, John},
  year={2006},
  institution={Technical Report TR-1553, University of Wisconsin}
}

% lda2vec
@article{DBLP:journals/corr/Moody16,
  author    = {Christopher E. Moody},
  title     = {Mixing Dirichlet Topic Models and Word Embeddings to Make lda2vec},
  journal   = {CoRR},
  volume    = {abs/1605.02019},
  year      = {2016},
  url       = {http://arxiv.org/abs/1605.02019}
}


% topicvec
@InProceedings{Li16,
  author    = {Li, Shaohua  and  Chua, Tat-Seng  and  Zhu, Jun  and  Miao, Chunyan},
  title     = {Generative Topic Embedding: a Continuous Representation of Documents},
  booktitle = {Proc. of the 54th Annual Meeting of the ACL (Volume 1: Long Papers)},
  month     = {August},
  year      = {2016},
  address   = {Berlin, Germany},
  pages     = {666--675},
  url       = {http://www.aclweb.org/anthology/P16-1063}
}

% Gaussian LDA
@InProceedings{Das15,
  author    = {Das, Rajarshi  and  Zaheer, Manzil  and  Dyer, Chris},
  title     = {Gaussian LDA for Topic Models with Word Embeddings},
  booktitle = {Proc. of the 53rd Annual Meeting of the ACL and the 7th Int. Joint Conference on NLP (Volume 1: Long Papers)},
  year		={2015},
  url       = {http://www.aclweb.org/anthology/P15-1077}
}




@inproceedings{Li16SIGIR,
 author = {Li, Chenliang and Wang, Haoran and Zhang, Zhiqian and Sun, Aixin and Ma, Zongyang},
 title = {Topic Modeling for Short Texts with Auxiliary Word Embeddings},
 booktitle = {Proceedings of the 39th International ACM SIGIR Conference on Research and Development in Information Retrieval},
 series = {SIGIR '16},
 year = {2016},
 isbn = {978-1-4503-4069-4},
 location = {Pisa, Italy},
 pages = {165--174},
 numpages = {10},
 url = {http://doi.acm.org/10.1145/2911451.2911499},
 doi = {10.1145/2911451.2911499},
 acmid = {2911499},
 keywords = {short texts, topic model, word embeddings}
} 

% Generalized Polya urn model and intrinsic Topic coherence
@inproceedings{Mimno11,
 author = {Mimno, David and Wallach, Hanna M. and Talley, Edmund and Leenders, Miriam and McCallum, Andrew},
 title = {Optimizing Semantic Coherence in Topic Models},
 booktitle = {Proceedings of the Conference on Empirical Methods in Natural Language Processing},
 series = {EMNLP '11},
 year = {2011},
 isbn = {978-1-937284-11-4},
 location = {Edinburgh, UK},
 pages = {262--272},
 numpages = {11},
 url = {http://dl.acm.org/citation.cfm?id=2145432.2145462},
 acmid = {2145462}
} 



% LDA evaluated by information retrivial task
@inproceedings{Wei06,
 author = {Wei, Xing and Croft, W. Bruce},
 title = {LDA-based Document Models for Ad-hoc Retrieval},
 booktitle = {Proceedings of the 29th Annual International ACM SIGIR Conference on Research and Development in Information Retrieval},
 series = {SIGIR '06},
 year = {2006},
 isbn = {1-59593-369-7},
 location = {Seattle, Washington, USA},
 pages = {178--185},
 numpages = {8},
 url = {http://doi.acm.org/10.1145/1148170.1148204},
 doi = {10.1145/1148170.1148204},
 acmid = {1148204},
 publisher = {ACM},
 address = {New York, NY, USA},
 keywords = {document model, information retrieval, language model, latent dirichlet allocation (LDA), topic model}
} 


% Loglikelihood by left-to-rigt method
@inproceedings{Wallach09,
 author = {Wallach, Hanna M. and Murray, Iain and Salakhutdinov, Ruslan and Mimno, David},
 title = {Evaluation Methods for Topic Models},
 booktitle = {Proceedings of the 26th Annual International Conference on Machine Learning},
 series = {ICML '09},
 year = {2009},
 isbn = {978-1-60558-516-1},
 location = {Montreal, Quebec, Canada},
 pages = {1105--1112},
 numpages = {8},
 url = {http://doi.acm.org/10.1145/1553374.1553515},
 doi = {10.1145/1553374.1553515},
 acmid = {1553515},
 publisher = {ACM},
 address = {New York, NY, USA}
} 


% Perplexity does not fit human judgment
@incollection{Chang09,
title = {Reading Tea Leaves: How Humans Interpret Topic Models},
author = {Chang, Jonathan and Sean Gerrish and Wang, Chong and Jordan L. Boyd-graber and David M. Blei},
booktitle = {Advances in Neural Information Processing Systems 22},
editor = {Y. Bengio and D. Schuurmans and J. D. Lafferty and C. K. I. Williams and A. Culotta},
pages = {288--296},
year = {2009},
publisher = {Curran Associates, Inc.},
url = {http://papers.nips.cc/paper/3700-reading-tea-leaves-how-humans-interpret-topic-models.pdf}
}


% Wikipedia per topic coherence
@inproceedings{Newman10,
 author = {Newman, David and Lau, Jey Han and Grieser, Karl and Baldwin, Timothy},
 title = {Automatic Evaluation of Topic Coherence},
 booktitle = {Human Language Technologies: The 2010 Annual Conference of the North American Chapter of the Association for Computational Linguistics},
 series = {HLT '10},
 year = {2010},
 isbn = {1-932432-65-5},
 location = {Los Angeles, California},
 pages = {100--108},
 numpages = {9},
 url = {http://dl.acm.org/citation.cfm?id=1857999.1858011},
 acmid = {1858011},
 publisher = {Association for Computational Linguistics},
 address = {Stroudsburg, PA, USA}
} 


% Overview of topic coherence metrics
@inproceedings{Roder15,
 author = {R\"{o}der, Michael and Both, Andreas and Hinneburg, Alexander},
 title = {Exploring the Space of Topic Coherence Measures},
 booktitle = {Proceedings of the Eighth ACM International Conference on Web Search and Data Mining},
 series = {WSDM '15},
 year = {2015},
 isbn = {978-1-4503-3317-7},
 location = {Shanghai, China},
 pages = {399--408},
 numpages = {10},
 url = {http://doi.acm.org/10.1145/2684822.2685324},
 doi = {10.1145/2684822.2685324},
 acmid = {2685324},
 address = {New York, NY, USA}
} 



%%% TRANSFER LEARNING
@article{Pan10,
 author = {Pan, Sinno Jialin and Yang, Qiang},
 title = {A Survey on Transfer Learning},
 journal = {IEEE Trans. on Knowl. and Data Eng.},
 volume = {22},
 number = {10},
 year = {2010},
 issn = {1041-4347},
 pages = {1345--1359},
 numpages = {15},
 url = {http://dx.doi.org/10.1109/TKDE.2009.191},
 doi = {10.1109/TKDE.2009.191},
 acmid = {1850545},
 publisher = {IEEE Educational Activities Department},
 address = {Piscataway, NJ, USA},
} 

%% TRANSFER LEARNING IN TEXT
@article{bhatt15,
  title={An Iterative Similarity based Adaptation Technique for Cross Domain Text Classification},
  author={Bhatt, Himanshu and Semwal, Deepali and Roy, Shourya},
  journal={CoNLL 2015},
  pages={52},
  year={2015}
}

%%% DEEP LEARNING E MICROBLOGGIN per superare la mancaza di contesto
@ARTICLE{Xu16, 
author={L. Xu and C. Jiang and Y. Ren and H. H. Chen}, 
journal={IEEE Transactions on Knowledge and Data Engineering}, 
title={Microblog Dimensionality Reduction - A Deep Learning Approach}, 
year={2016}, 
volume={28}, 
number={7}, 
pages={1779-1789}, 
keywords={Electronic mail;Machine learning;Semantics;Tagging;Text mining;Training;Twitter;Deep autoencoder;Dimension reduction;Microblog mining;Semantic relatedness;Text representation;deep autoencoder;dimension reduction;semantic relatedness;text representation}, 
doi={10.1109/TKDE.2016.2540639}, 
ISSN={1041-4347}, 
month={July},}


%% DEEP che apprende da LDA
@article{Zhang15,
  author    = {Dongxu Zhang and Tianyi Luo and Dong Wang and Rong Liu},
  title     = {Learning from {LDA} using Deep Neural Networks},
  journal   = {CoRR},
 volume    = {abs/1508.01011},
  year      = {2015},
  url       = {http://arxiv.org/abs/1508.01011},
  timestamp = {Tue, 01 Sep 2015 14:42:40 +0200},
  biburl    = {http://dblp.uni-trier.de/rec/bib/journals/corr/ZhangLWL15},
  bibsource = {dblp computer science bibliography, http://dblp.org}
}


@inproceedings{He16,
  author    = {J. Li and M. Liao and W. Gao and Y. He and K.-F. Wong},
  title     = {Topic Extraction from Microblog Posts Using Conversation Structures},
  booktitle = {The 54th Annual Meeting of the Association for Computational Linguistics (ACL), Berlin, Germany, Aug. 2016},
  year      = {2016},
}

@inproceedings{He16Med,
  title={Extracting Topical Phrases from Clinical Documents},
  author={He, Yulan},
  booktitle={Thirtieth AAAI Conference on Artificial Intelligence, AAAI2016},
  year={2016}
}

@inproceedings{Wang06,
 author = {Wang, Xuerui and McCallum, Andrew},
 title = {Topics over Time: A non-Markov Continuous-time Model of Topical Trends},
 booktitle = {Proceedings of the 12th ACM SIGKDD International Conference on Knowledge Discovery and Data Mining},
 series = {KDD '06},
 year = {2006},
 isbn = {1-59593-339-5},
 location = {Philadelphia, PA, USA},
 pages = {424--433},
 numpages = {10},
 url = {http://doi.acm.org/10.1145/1150402.1150450},
 doi = {10.1145/1150402.1150450},
 acmid = {1150450},
 publisher = {ACM},
 address = {New York, NY, USA},
 keywords = {graphical models, temporal analysis, topic modeling}
} 



% ToPMine
@article{El-Kishky14,
 author = {El-Kishky, Ahmed and Song, Yanglei and Wang, Chi and Voss, Clare R. and Han, Jiawei},
 title = {Scalable Topical Phrase Mining from Text Corpora},
 journal = {Proc. VLDB Endow.},
 issue_date = {November 2014},
 volume = {8},
 number = {3},
 month = nov,
 year = {2014},
 issn = {2150-8097},
 pages = {305--316},
 numpages = {12},
 url = {http://dx.doi.org/10.14778/2735508.2735519},
 doi = {10.14778/2735508.2735519},
 acmid = {2735519},
 publisher = {VLDB Endowment},
} 


%%%% EVALUATION OF TOPIC MODELS
@inproceedings{Wallach09,
 author = {Wallach, Hanna M. and Murray, Iain and Salakhutdinov, Ruslan and Mimno, David},
 title = {Evaluation Methods for Topic Models},
 booktitle = {Proceedings of the 26th Annual International Conference on Machine Learning},
 series = {ICML '09},
 year = {2009},
 isbn = {978-1-60558-516-1},
 location = {Montreal, Quebec, Canada},
 pages = {1105--1112},
 numpages = {8},
 url = {http://doi.acm.org/10.1145/1553374.1553515},
 doi = {10.1145/1553374.1553515},
 acmid = {1553515},
 publisher = {ACM},
 address = {New York, NY, USA},
} 

% MedTagger
@inproceedings{liu12,
  title={Towards a semantic lexicon for clinical natural language processing},
  author={Liu, Hongfang and Wu, Stephen T and Li, Dingcheng and Jonnalagadda, Siddhartha and Sohn, Sunghwan and Wagholikar, Kavishwar and Haug, Peter J and Huff, Stanley M and Chute, Christopher G},
  booktitle={AMIA Annual Symposium Proceedings},
  volume={2012},
  pages={568},
  year={2012}
}


% i2b2 dataset
@article{Uzuner10,
author = {Uzuner, Ozlem and Solti, Imre and Xia, Fei and Cadag, Eithon},
title = {Community annotation experiment for ground truth generation for the i2b2 medication challenge},
journal = {Journal of the American Medical Informatics Association},
volume = {17},
number = {5},
pages = {519-523},
year = {2010},
doi = {10.1136/jamia.2010.004200},
URL = { + http://dx.doi.org/10.1136/jamia.2010.004200},
eprint = {/oup/backfile/content_public/journal/jamia/17/5/10.1136/jamia.2010.004200/3/17-5-519.pdf}
}

@article{nguyen2015improving,
  title={Improving topic models with latent feature word representations},
  author={Nguyen, Dat Quoc and Billingsley, Richard and Du, Lan and Johnson, Mark},
  journal={Transactions of the Association for Computational Linguistics, ACL 2015},
  volume={3},
  pages={299--313},
  year={2015}
}

@inproceedings{dieng2017topicrnn,
  title={Topicrnn: A recurrent neural network with long-range semantic dependency},
  author={Dieng, Adji B and Wang, Chong and Gao, Jianfeng and Paisley, John},
  booktitle={Proceedings of the 5th International Conference on Learning Representations (ICLR)},
  year={2017}
}

@inproceedings{lau2017topically,
  title={Topically Driven Neural Language Model},
  author={Lau, Jey Han and Baldwin, Timothy and Cohn, Trevor},
  booktitle={ Proceedings of the 55th Annual Meeting of the Association for Computational Linguistics (ACL)},
  year={2017}
}

@article{yu2015learning,
  title={Learning composition models for phrase embeddings},
  author={Yu, Mo and Dredze, Mark},
  journal={Transactions of the Association for Computational Linguistics, ACL 2015},
  volume={3},
  pages={227--242},
  year={2015}
}

@inproceedings{le2014distributed,
  title={Distributed representations of sentences and documents},
  author={Le, Quoc and Mikolov, Tomas},
  booktitle={Proceedings of the 31st International Conference on Machine Learning (ICML-14)},
  pages={1188--1196},
  year={2014}
}

@article{huang2016unsupervised,
  title={Unsupervised Learning of Word-Sequence Representations from Scratch via Convolutional Tensor Decomposition},
  author={Huang, Furong and Anandkumar, Animashree},
  journal={arXiv preprint arXiv:1606.03153},
  year={2016}
}
