@article{nguyen2010estimating,
  title={Estimating divergence functionals and the likelihood ratio by convex risk minimization},
  author={Nguyen, XuanLong and Wainwright, Martin J and Jordan, Michael I},
  journal={IEEE Transactions on Information Theory},
  volume={56},
  number={11},
  pages={5847--5861},
  year={2010},
  publisher={IEEE}
}

@book{levin2017markov,
  title={Markov chains and mixing times},
  author={Levin, David A and Peres, Yuval},
  volume={107},
  year={2017},
  publisher={American Mathematical Soc.}
}

@inproceedings{yu2015convergence,
  title={On convergence of emphatic temporal-difference learning},
  author={Yu, Huizhen},
  booktitle={Conference on Learning Theory},
  pages={1724--1751},
  year={2015},
  organization={PMLR}
}

@inproceedings{fujimoto2018addressing,
  title={Addressing function approximation error in actor-critic methods},
  author={Fujimoto, Scott and van Hoof, Herke and Meger, David},
  booktitle={International Conference on Machine Learning},
  pages={1587--1596},
  year={2018},
  organization={PMLR}
}

@article{gulrajani2017improved,
  title={Improved training of wasserstein gans},
  author={Gulrajani, Ishaan and Ahmed, Faruk and Arjovsky, Martin and Dumoulin, Vincent and Courville, Aaron},
  journal={arXiv preprint arXiv:1704.00028},
  year={2017}
}

@article{liu2018breaking,
  title={Breaking the curse of horizon: Infinite-horizon off-policy estimation},
  author={Liu, Qiang and Li, Lihong and Tang, Ziyang and Zhou, Dengyong},
  journal={arXiv preprint arXiv:1810.12429},
  year={2018}
}

@article{sun2021softdice,
  title={SoftDICE for Imitation Learning: Rethinking Off-policy Distribution Matching},
  author={Sun, Mingfei and Mahajan, Anuj and Hofmann, Katja and Whiteson, Shimon},
  journal={arXiv preprint arXiv:2106.03155},
  year={2021}
}

@article{zhang2020gendice,
  title={Gendice: Generalized offline estimation of stationary values},
  author={Zhang, Ruiyi and Dai, Bo and Li, Lihong and Schuurmans, Dale},
  journal={arXiv preprint arXiv:2002.09072},
  year={2020}
}

@article{dadashi2020primal,
  title={Primal wasserstein imitation learning},
  author={Dadashi, Robert and Hussenot, L{\'e}onard and Geist, Matthieu and Pietquin, Olivier},
  journal={arXiv preprint arXiv:2006.04678},
  year={2020}
}

@article{arenz2020non,
  title={Non-Adversarial Imitation Learning and its Connections to Adversarial Methods},
  author={Arenz, Oleg and Neumann, Gerhard},
  journal={arXiv preprint arXiv:2008.03525},
  year={2020}
}

@article{rusu2015policy,
  title={Policy distillation},
  author={Rusu, Andrei A and Colmenarejo, Sergio Gomez and Gulcehre, Caglar and Desjardins, Guillaume and Kirkpatrick, James and Pascanu, Razvan and Mnih, Volodymyr and Kavukcuoglu, Koray and Hadsell, Raia},
  journal={arXiv preprint arXiv:1511.06295},
  year={2015}
}

@inproceedings{ziebart2008maximum,
  title={Maximum entropy inverse reinforcement learning.},
  author={Ziebart, Brian D and Maas, Andrew L and Bagnell, J Andrew and Dey, Anind K},
  booktitle={Aaai},
  volume={8},
  pages={1433--1438},
  year={2008},
  organization={Chicago, IL, USA}
}

@inproceedings{sasaki2018sample,
  title={Sample efficient imitation learning for continuous control},
  author={Sasaki, Fumihiro and Yohira, Tetsuya and Kawaguchi, Atsuo},
  booktitle={International Conference on Learning Representations},
  year={2018}
}

@article{singh2000convergence,
  title={Convergence results for single-step on-policy reinforcement-learning algorithms},
  author={Singh, Satinder and Jaakkola, Tommi and Littman, Michael L and Szepesv{\'a}ri, Csaba},
  journal={Machine learning},
  volume={38},
  number={3},
  pages={287--308},
  year={2000},
  publisher={Springer}
}

@book{bertsekas2000dynamic,
  title={Dynamic programming and optimal control: Vol. 1},
  author={Bertsekas, Dimitri P and others},
  year={2000},
  publisher={Athena scientific Belmont}
}

@article{robbins1951stochastic,
  title={A stochastic approximation method},
  author={Robbins, Herbert and Monro, Sutton},
  journal={The annals of mathematical statistics},
  pages={400--407},
  year={1951},
  publisher={JSTOR}
}

@article{zhang2020learning,
  title={Learning retrospective knowledge with reverse reinforcement learning},
  author={Zhang, Shangtong and Veeriah, Vivek and Whiteson, Shimon},
  journal={arXiv preprint arXiv:2007.06703},
  year={2020}
}

@article{piot2016bridging,
  title={Bridging the gap between imitation learning and inverse reinforcement learning},
  author={Piot, Bilal and Geist, Matthieu and Pietquin, Olivier},
  journal={IEEE transactions on neural networks and learning systems},
  volume={28},
  number={8},
  pages={1814--1826},
  year={2016},
  publisher={IEEE}
}

@article{schulman2015high,
  title={High-dimensional continuous control using generalized advantage estimation},
  author={Schulman, John and Moritz, Philipp and Levine, Sergey and Jordan, Michael and Abbeel, Pieter},
  journal={arXiv preprint arXiv:1506.02438},
  year={2015}
}

@book{sutton2018reinforcement,
  title={Reinforcement learning: An introduction},
  author={Sutton, Richard S and Barto, Andrew G},
  year={2018},
  publisher={MIT press}
}

@inproceedings{haarnoja2018soft,
  title={Soft actor-critic: Off-policy maximum entropy deep reinforcement learning with a stochastic actor},
  author={Haarnoja, Tuomas and Zhou, Aurick and Abbeel, Pieter and Levine, Sergey},
  booktitle={International Conference on Machine Learning},
  pages={1861--1870},
  year={2018},
  organization={PMLR}
}

@inproceedings{schulman2015trust,
  title={Trust region policy optimization},
  author={Schulman, John and Levine, Sergey and Abbeel, Pieter and Jordan, Michael and Moritz, Philipp},
  booktitle={International conference on machine learning},
  pages={1889--1897},
  year={2015},
  organization={PMLR}
}

@inproceedings{fedus2020revisiting,
  title={Revisiting fundamentals of experience replay},
  author={Fedus, William and Ramachandran, Prajit and Agarwal, Rishabh and Bengio, Yoshua and Larochelle, Hugo and Rowland, Mark and Dabney, Will},
  booktitle={International Conference on Machine Learning},
  pages={3061--3071},
  year={2020},
  organization={PMLR}
}

@article{berner2019dota,
  title={Dota 2 with large scale deep reinforcement learning},
  author={Berner, Christopher and Brockman, Greg and Chan, Brooke and Cheung, Vicki and Debiak, Przemyslaw and Dennison, Christy and Farhi, David and Fischer, Quirin and Hashme, Shariq and Hesse, Chris and others},
  journal={arXiv preprint arXiv:1912.06680},
  year={2019}
}

@inproceedings{duan2016benchmarking,
  title={Benchmarking deep reinforcement learning for continuous control},
  author={Duan, Yan and Chen, Xi and Houthooft, Rein and Schulman, John and Abbeel, Pieter},
  booktitle={International conference on machine learning},
  pages={1329--1338},
  year={2016},
  organization={PMLR}
}

@article{schinazi2001classical,
  title={Classical and Spatial Stochastic Processes},
  author={Schinazi, Rinaldo B},
  journal={APPLICATIONS OF MATHEMATICS-PRAHA-},
  volume={46},
  number={1},
  pages={158--158},
  year={2001},
  publisher={Springer}
}

@book{mackay2003information,
  title={Information theory, inference and learning algorithms},
  author={MacKay, David JC and Mac Kay, David JC},
  year={2003},
  publisher={Cambridge university press}
}

@article{salimans2016improved,
  title={Improved techniques for training gans},
  author={Salimans, Tim and Goodfellow, Ian and Zaremba, Wojciech and Cheung, Vicki and Radford, Alec and Chen, Xi},
  journal={arXiv preprint arXiv:1606.03498},
  year={2016}
}

@article{kostrikov2018discriminator,
  title={Discriminator-actor-critic: Addressing sample inefficiency and reward bias in adversarial imitation learning},
  author={Kostrikov, Ilya and Agrawal, Kumar Krishna and Dwibedi, Debidatta and Levine, Sergey and Tompson, Jonathan},
  journal={arXiv preprint arXiv:1809.02925},
  year={2018}
}

@article{schulman2017proximal,
  title={Proximal policy optimization algorithms},
  author={Schulman, John and Wolski, Filip and Dhariwal, Prafulla and Radford, Alec and Klimov, Oleg},
  journal={arXiv preprint arXiv:1707.06347},
  year={2017}
}

@article{brockman2016openai,
  title={Openai gym},
  author={Brockman, Greg and Cheung, Vicki and Pettersson, Ludwig and Schneider, Jonas and Schulman, John and Tang, Jie and Zaremba, Wojciech},
  journal={arXiv preprint arXiv:1606.01540},
  year={2016}
}

@article{kingma2014adam,
  title={Adam: A method for stochastic optimization},
  author={Kingma, Diederik P and Ba, Jimmy},
  journal={arXiv preprint arXiv:1412.6980},
  year={2014}
}

@inproceedings{todorov2012mujoco,
  title={Mujoco: A physics engine for model-based control},
  author={Todorov, Emanuel and Erez, Tom and Tassa, Yuval},
  booktitle={2012 IEEE/RSJ International Conference on Intelligent Robots and Systems},
  pages={5026--5033},
  year={2012},
  organization={IEEE}
}

@article{silver2016mastering,
  title={Mastering the game of Go with deep neural networks and tree search},
  author={Silver, David and Huang, Aja and Maddison, Chris J and Guez, Arthur and Sifre, Laurent and Van Den Driessche, George and Schrittwieser, Julian and Antonoglou, Ioannis and Panneershelvam, Veda and Lanctot, Marc and others},
  journal={nature},
  volume={529},
  number={7587},
  pages={484--489},
  year={2016},
  publisher={Nature Publishing Group}
}

@article{mnih2015human,
  title={Human-level control through deep reinforcement learning},
  author={Mnih, Volodymyr and Kavukcuoglu, Koray and Silver, David and Rusu, Andrei A and Veness, Joel and Bellemare, Marc G and Graves, Alex and Riedmiller, Martin and Fidjeland, Andreas K and Ostrovski, Georg and others},
  journal={nature},
  volume={518},
  number={7540},
  pages={529--533},
  year={2015},
  publisher={Nature Publishing Group}
}

@article{lillicrap2015continuous,
  title={Continuous control with deep reinforcement learning},
  author={Lillicrap, Timothy P and Hunt, Jonathan J and Pritzel, Alexander and Heess, Nicolas and Erez, Tom and Tassa, Yuval and Silver, David and Wierstra, Daan},
  journal={arXiv preprint arXiv:1509.02971},
  year={2015}
}

@inproceedings{ng2000algorithms,
  title={Algorithms for inverse reinforcement learning.},
  author={Ng, Andrew Y and Russell, Stuart J and others},
  booktitle={Icml},
  volume={1},
  pages={2},
  year={2000}
}

@article{wang2019random,
  title={Random expert distillation: Imitation learning via expert policy support estimation},
  author={Wang, Ruohan and Ciliberto, Carlo and Amadori, Pierluigi and Demiris, Yiannis},
  journal={arXiv preprint arXiv:1905.06750},
  year={2019}
}

@article{reddy2019sqil,
  title={SQIL: Imitation learning via reinforcement learning with sparse rewards},
  author={Reddy, Siddharth and Dragan, Anca D and Levine, Sergey},
  journal={arXiv preprint arXiv:1905.11108},
  year={2019}
}

@article{kostrikov2019imitation,
  title={Imitation learning via off-policy distribution matching},
  author={Kostrikov, Ilya and Nachum, Ofir and Tompson, Jonathan},
  journal={arXiv preprint arXiv:1912.05032},
  year={2019}
}

@article{ke2019imitation,
  title={Imitation Learning as $ f $-Divergence Minimization},
  author={Ke, Liyiming and Barnes, Matt and Sun, Wen and Lee, Gilwoo and Choudhury, Sanjiban and Srinivasa, Siddhartha},
  journal={arXiv preprint arXiv:1905.12888},
  year={2019}
}

@inproceedings{ghasemipour2020divergence,
  title={A divergence minimization perspective on imitation learning methods},
  author={Ghasemipour, Seyed Kamyar Seyed and Zemel, Richard and Gu, Shixiang},
  booktitle={Conference on Robot Learning},
  pages={1259--1277},
  year={2020},
  organization={PMLR}
}

@article{zhang2020f,
  title={$ f $-GAIL: Learning $ f $-Divergence for Generative Adversarial Imitation Learning},
  author={Zhang, Xin and Li, Yanhua and Zhang, Ziming and Zhang, Zhi-Li},
  journal={arXiv preprint arXiv:2010.01207},
  year={2020}
}

@article{fu2017learning,
  title={Learning robust rewards with adversarial inverse reinforcement learning},
  author={Fu, Justin and Luo, Katie and Levine, Sergey},
  journal={arXiv preprint arXiv:1710.11248},
  year={2017}
}

@article{peng2018variational,
  title={Variational discriminator bottleneck: Improving imitation learning, inverse rl, and gans by constraining information flow},
  author={Peng, Xue Bin and Kanazawa, Angjoo and Toyer, Sam and Abbeel, Pieter and Levine, Sergey},
  journal={arXiv preprint arXiv:1810.00821},
  year={2018}
}

@article{goodfellow2014generative,
  title={Generative adversarial nets},
  author={Goodfellow, Ian and Pouget-Abadie, Jean and Mirza, Mehdi and Xu, Bing and Warde-Farley, David and Ozair, Sherjil and Courville, Aaron and Bengio, Yoshua},
  journal={Advances in neural information processing systems},
  volume={27},
  pages={2672--2680},
  year={2014}
}

@inproceedings{syed2008game,
  title={A game-theoretic approach to apprenticeship learning},
  author={Syed, Umar and Schapire, Robert E},
  booktitle={Advances in neural information processing systems},
  pages={1449--1456},
  year={2008}
}

@inproceedings{abbeel2004apprenticeship,
  title={Apprenticeship learning via inverse reinforcement learning},
  author={Abbeel, Pieter and Ng, Andrew Y},
  booktitle={Proceedings of the twenty-first international conference on Machine learning},
  pages={1},
  year={2004}
}

@article{rajaraman2020toward,
  title={Toward the Fundamental Limits of Imitation Learning},
  author={Rajaraman, Nived and Yang, Lin F and Jiao, Jiantao and Ramachandran, Kannan},
  journal={arXiv preprint arXiv:2009.05990},
  year={2020}
}

@inproceedings{ross2011reduction,
  title={A reduction of imitation learning and structured prediction to no-regret online learning},
  author={Ross, St{\'e}phane and Gordon, Geoffrey and Bagnell, Drew},
  booktitle={Proceedings of the fourteenth international conference on artificial intelligence and statistics},
  pages={627--635},
  year={2011}
}

@article{pomerleau1991efficient,
  title={Efficient training of artificial neural networks for autonomous navigation},
  author={Pomerleau, Dean A},
  journal={Neural computation},
  volume={3},
  number={1},
  pages={88--97},
  year={1991},
  publisher={MIT Press}
}

@inproceedings{sutton2000policy,
  title={Policy gradient methods for reinforcement learning with function approximation},
  author={Sutton, Richard S and McAllester, David A and Singh, Satinder P and Mansour, Yishay},
  booktitle={Advances in neural information processing systems},
  pages={1057--1063},
  year={2000}
}

@article{lin1992self,
  title={Self-improving reactive agents based on reinforcement learning, planning and teaching},
  author={Lin, Long-Ji},
  journal={Machine learning},
  volume={8},
  number={3-4},
  pages={293--321},
  year={1992},
  publisher={Springer}
}

@inproceedings{silver2014deterministic,
  title={Deterministic policy gradient algorithms},
  author={Silver, David and Lever, Guy and Heess, Nicolas and Degris, Thomas and Wierstra, Daan and Riedmiller, Martin},
  booktitle={International conference on machine learning},
  pages={387--395},
  year={2014},
  organization={PMLR}
}

@article{syed2007game,
  title={A game-theoretic approach to apprenticeship learning},
  author={Syed, Umar and Schapire, Robert E},
  journal={Advances in neural information processing systems},
  volume={20},
  pages={1449--1456},
  year={2007}
}

@book{puterman2014markov,
  title={Markov decision processes: discrete stochastic dynamic programming},
  author={Puterman, Martin L},
  year={2014},
  publisher={John Wiley \& Sons}
}

@inproceedings{ho2016generative,
  title={Generative adversarial imitation learning},
  author={Ho, Jonathan and Ermon, Stefano},
  booktitle={Advances in neural information processing systems},
  pages={4565--4573},
  year={2016}
}

@inproceedings{nowozin2016f,
  title={f-gan: Training generative neural samplers using variational divergence minimization},
  author={Nowozin, Sebastian and Cseke, Botond and Tomioka, Ryota},
  booktitle={Advances in neural information processing systems},
  pages={271--279},
  year={2016}
}

@inproceedings{gretton2007kernel,
  title={A kernel method for the two-sample-problem},
  author={Gretton, Arthur and Borgwardt, Karsten and Rasch, Malte and Sch{\"o}lkopf, Bernhard and Smola, Alex J},
  booktitle={Advances in neural information processing systems},
  pages={513--520},
  year={2007}
}