@inproceedings{ijcai2019-199,
	title     = {Counterfactual Fairness: Unidentification, Bound and Algorithm},
	author    = {Wu, Yongkai and Zhang, Lu and Wu, Xintao},
	booktitle = {Proceedings of the Twenty-Eighth International Joint Conference on
	Artificial Intelligence, {IJCAI-19}},
	publisher = {International Joint Conferences on Artificial Intelligence Organization},             
	pages     = {1438--1444},
	year      = {2019},
	month     = {7},
	doi       = {10.24963/ijcai.2019/199},
	url       = {https://doi.org/10.24963/ijcai.2019/199},
}
@inproceedings{chiappa2019path,
	title={Path-specific counterfactual fairness},
	author={Chiappa, Silvia},
	booktitle={Proceedings of the AAAI Conference on Artificial Intelligence},
	volume={33},
	number={01},
	pages={7801--7808},
	year={2019}
}
@inproceedings{agrawal2019abcd,
  title={Abcd-strategy: Budgeted experimental design for targeted causal structure discovery},
  author={Agrawal, Raj and Squires, Chandler and Yang, Karren and Shanmugam, Karthikeyan and Uhler, Caroline},
  booktitle={The 22nd International Conference on Artificial Intelligence and Statistics},
  pages={3400--3409},
  year={2019},
  organization={PMLR}
}
@inproceedings{everitt2021agent,
	title={Agent incentives: A causal perspective},
	author={Everitt, Tom and Carey, Ryan and Langlois, Eric and Ortega, Pedro A and Legg, Shane},
	booktitle={Proceedings of the Thirty-Fifth AAAI Conference on Artificial Intelligence,(AAAI-21). Virtual. Forthcoming},
	year={2021}
}
@article{mooij2016distinguishing,
	title={Distinguishing cause from effect using observational data: methods and benchmarks},
	author={Mooij, Joris M and Peters, Jonas and Janzing, Dominik and Zscheischler, Jakob and Sch{\"o}lkopf, Bernhard},
	journal={The Journal of Machine Learning Research},
	volume={17},
	number={1},
	pages={1103--1204},
	year={2016},
	publisher={JMLR. org}
}

@article{bareinboim2015bandits,
	title={Bandits with unobserved confounders: A causal approach},
	author={Bareinboim, Elias and Forney, Andrew and Pearl, Judea},
	journal={Advances in Neural Information Processing Systems},
	volume={28},
	pages={1342--1350},
	year={2015}
}
@article{dasgupta2019causal,
	title={Causal reasoning from meta-reinforcement learning},
	author={Dasgupta, Ishita and Wang, Jane and Chiappa, Silvia and Mitrovic, Jovana and Ortega, Pedro and Raposo, David and Hughes, Edward and Battaglia, Peter and Botvinick, Matthew and Kurth-Nelson, Zeb},
	journal={arXiv preprint arXiv:1901.08162},
	year={2019}
}
@article{de2019causal,
	title={Causal confusion in imitation learning},
	author={de Haan, Pim and Jayaraman, Dinesh and Levine, Sergey},
	journal={Advances in Neural Information Processing Systems},
	volume={32},
	pages={11698--11709},
	year={2019}
}
@article{yue2020interventional,
	title={Interventional Few-Shot Learning},
	author={Yue, Zhongqi and Zhang, Hanwang and Sun, Qianru and Hua, Xian-Sheng},
	journal={Advances in Neural Information Processing Systems},
	volume={33},
	year={2020}
}
@article{richens2020improving,
	title={Improving the accuracy of medical diagnosis with causal machine learning},
	author={Richens, Jonathan G and Lee, Ciar{\'a}n M and Johri, Saurabh},
	journal={Nature communications},
	volume={11},
	number={1},
	pages={1--9},
	year={2020},
	publisher={Nature Publishing Group}
}
@article{prosperi2020causal,
title={Causal inference and counterfactual prediction in machine learning for actionable healthcare},
author={Prosperi, Mattia and Guo, Yi and Sperrin, Matt and Koopman, James S and Min, Jae S and He, Xing and Rich, Shannan and Wang, Mo and Buchan, Iain E and Bian, Jiang},
journal={Nature Machine Intelligence},
volume={2},
number={7},
pages={369--375},
year={2020},
publisher={Nature Publishing Group}
}
@book{pearl2018book,
	title={The book of why: the new science of cause and effect},
	author={Pearl, Judea and Mackenzie, Dana},
	year={2018},
	publisher={Basic books}
}
@article{scholkopf2019causality,
	title={Causality for machine learning},
	author={Sch{\"o}lkopf, Bernhard},
	journal={arXiv preprint arXiv:1911.10500},
	year={2019}
}
@article{gopnik2001causal,
	title={Causal learning mechanisms in very young children: two-, three-, and four-year-olds infer causal relations from patterns of variation and covariation.},
	author={Gopnik, Alison and Sobel, David M and Schulz, Laura E and Glymour, Clark},
	journal={Developmental psychology},
	volume={37},
	number={5},
	pages={620},
	year={2001},
	publisher={American Psychological Association}
}
@article{griffiths2007mere,
	title={From mere coincidences to meaningful discoveries},
	author={Griffiths, Thomas L and Tenenbaum, Joshua B},
	journal={Cognition},
	volume={103},
	number={2},
	pages={180--226},
	year={2007},
	publisher={Elsevier}
}

@article{griffiths2009theory,
	title={Theory-based causal induction.},
	author={Griffiths, Thomas L and Tenenbaum, Joshua B},
	journal={Psychological review},
	volume={116},
	number={4},
	pages={661},
	year={2009},
	publisher={American Psychological Association}
}
@article{ortega2015subjectivity,
	title={Subjectivity, Bayesianism, and causality},
	author={Ortega, Pedro A},
	journal={Pattern Recognition Letters},
	volume={64},
	pages={63--70},
	year={2015},
	publisher={Elsevier}
}
@book{jaynes2003probability,
	title={Probability theory: The logic of science},
	author={Jaynes, Edwin T},
	year={2003},
	publisher={Cambridge university press}
}

@InProceedings{pmlr-v6-dawid10a,
	title = 	 {Beware of the DAG!},
	author = 	 {Dawid, A. Philip},
	booktitle = 	 {Proceedings of Workshop on Causality: Objectives and Assessment at NIPS 2008},
	pages = 	 {59--86},
	year = 	 {2010},
	editor = 	 {Guyon, Isabelle and Janzing, Dominik and Sch√∂lkopf, Bernhard},
	volume = 	 {6},
	series = 	 {Proceedings of Machine Learning Research},
	address = 	 {Whistler, Canada},
	month = 	 {12 Dec},
	publisher =    {PMLR},
	pdf = 	 {http://proceedings.mlr.press/v6/dawid10a/dawid10a.pdf},
	url = 	 {https://proceedings.mlr.press/v6/dawid10a.html},
	abstract = 	 {Directed acyclic graph (DAG) models are popular tools for describing causal relationships and for guiding attempts to learn them from data.  They appear to supply a means of extracting causal conclusions from probabilistic conditional independence properties inferred from purely observational data.  I take a critical look at  this enterprise, and suggest that it is in need of more, and more explicit, methodological and philosophical justification than it typically receives. In particular, I argue for the value of a clean separation between formal causal language and intuitive causal assumptions.}
}
@book{jeffreys1998theory,
	title={The theory of probability},
	author={Jeffreys, Harold},
	year={1998},
	publisher={OUP Oxford}
}

@book{vajda2014probabilistic,
	title={Probabilistic programming},
	author={Vajda, Steven},
	year={2014},
	publisher={Academic Press}
}


@inproceedings{winn2012causality,
	title={Causality with gates},
	author={Winn, John},
	booktitle={Artificial Intelligence and Statistics},
	pages={1314--1322},
	year={2012},
	organization={PMLR}
}
@book{shafer1996art,
	title={The Art of Causal Conjecture},
	author={Shafer, G.},
	isbn={9780262193689},
	lccn={96012572},
	series={Artificial Management},
	url={https://books.google.dk/books?id=sY7os7OCykUC},
	year={1996},
	publisher={MIT Press}
}
@book{spirtes2000causation,
	title={Causation, prediction, and search},
	author={Spirtes, Peter and Glymour, Clark N and Scheines, Richard and Heckerman, David},
	year={2000},
	publisher={MIT press}
}
@book{shafer1996art,
	title={The art of causal conjecture},
	author={Shafer, Glenn},
	year={1996}
}

@article{genewein2020algorithms,
	title={Algorithms for causal reasoning in probability trees},
	author={Genewein, Tim and McGrath, Tom and Del{\'e}tang, Gr{\'e}goire and Mikulik, Vladimir and Martic, Miljan and Legg, Shane and Ortega, Pedro A},
	journal={arXiv preprint arXiv:2010.12237},
	year={2020}
}
@inproceedings{tong2001active,
	title={Active learning for structure in Bayesian networks},
	author={Tong, Simon and Koller, Daphne},
	booktitle={International joint conference on artificial intelligence},
	volume={17},
	number={1},
	pages={863--869},
	year={2001},
	organization={Citeseer}
}

@article{janzing2012information,
	title={Information-geometric approach to inferring causal directions},
	author={Janzing, Dominik and Mooij, Joris and Zhang, Kun and Lemeire, Jan and Zscheischler, Jakob and Daniu{\v{s}}is, Povilas and Steudel, Bastian and Sch{\"o}lkopf, Bernhard},
	journal={Artificial Intelligence},
	volume={182},
	pages={1--31},
	year={2012},
	publisher={Elsevier}
}

@book{spirtes2000causation,
	title={Causation, prediction, and search},
	author={Spirtes, Peter and Glymour, Clark N and Scheines, Richard and Heckerman, David},
	year={2000},
	publisher={MIT press}
}
@article{pearl2000models,
	title={Models, reasoning and inference},
	author={Pearl, Judea and others},
	journal={Cambridge, UK: CambridgeUniversityPress},
	volume={19},
	year={2000}
}
@article{wieczorek2019information,
	title={Information theoretic causal effect quantification},
	author={Wieczorek, Aleksander and Roth, Volker},
	journal={Entropy},
	volume={21},
	number={10},
	pages={975},
	year={2019},
	publisher={Multidisciplinary Digital Publishing Institute}
}


@article{compton2021entropic,
	title={Entropic causal inference: Identifiability and finite sample results},
	author={Compton, Spencer and Kocaoglu, Murat and Greenewald, Kristjan and Katz, Dmitriy},
	journal={arXiv preprint arXiv:2101.03501},
	year={2021}
}
