
@article{xiao2017fashion,
  title={Fashion-mnist: a novel image dataset for benchmarking machine learning algorithms},
  author={Xiao, Han and Rasul, Kashif and Vollgraf, Roland},
  journal={arXiv preprint arXiv:1708.07747},
  year={2017}
}

@article{lecun1998mnist,
  title={The MNIST database of handwritten digits},
  author={LeCun, Yann},
  journal={http://yann. lecun. com/exdb/mnist/},
  year={1998}
}

@inproceedings{Farquhar2019a,
annote = {arXiv: 1805.09733},
author = {Farquhar, Sebastian and Gal, Yarin},
booktitle = {Privacy in Machine Learning and Artificial Intelligence workshop, ICML},
keywords = {Computer Science - Machine Learning,Statistics - Machine Learning,[fashion],[framework],critique,evaluation,metrics},
mendeley-tags = {[fashion],[framework]},
month = {jun},
title = {Towards Robust Evaluations of Continual Learning},
url = {http://arxiv.org/abs/1805.09733},
year = {2019}
}

@inproceedings{zenke2017continual,
  title={Continual learning through synaptic intelligence},
  author={Zenke, Friedemann and Poole, Ben and Ganguli, Surya},
  booktitle={Proceedings of the 34th International Conference on Machine Learning-Volume 70},
  pages={3987--3995},
  year={2017},
  organization={JMLR. org}
}

@inproceedings{lopez2017gradient,
  title={Gradient episodic memory for continual learning},
  author={Lopez-Paz, David and Ranzato, Marc'Aurelio},
  booktitle={Advances in neural information processing systems},
  pages={6467--6476},
  year={2017}
}

@incollection{thrun1998lifelong,
  title={Lifelong learning algorithms},
  author={Thrun, Sebastian},
  booktitle={Learning to learn},
  pages={181--209},
  year={1998},
  publisher={Springer}
}

@article{thrun1995lifelong,
  title={Lifelong robot learning},
  author={Thrun, Sebastian and Mitchell, Tom M},
  journal={Robotics and autonomous systems},
  volume={15},
  number={1-2},
  pages={25--46},
  year={1995},
  publisher={Elsevier}
}

@article{kirkpatrick2017overcoming,
  title={Overcoming catastrophic forgetting in neural networks},
  author={Kirkpatrick, James and Pascanu, Razvan and Rabinowitz, Neil and Veness, Joel and Desjardins, Guillaume and Rusu, Andrei A and Milan, Kieran and Quan, John and Ramalho, Tiago and Grabska-Barwinska, Agnieszka and others},
  journal={Proceedings of the national academy of sciences},
  volume={114},
  number={13},
  pages={3521--3526},
  year={2017},
  publisher={National Acad Sciences}
}

@inproceedings{aljundi2018memory,
  title={Memory aware synapses: Learning what (not) to forget},
  author={Aljundi, Rahaf and Babiloni, Francesca and Elhoseiny, Mohamed and Rohrbach, Marcus and Tuytelaars, Tinne},
  booktitle={Proceedings of the European Conference on Computer Vision (ECCV)},
  pages={139--154},
  year={2018}
}

@article{hinton2015distilling,
  title={Distilling the knowledge in a neural network},
  author={Hinton, Geoffrey and Vinyals, Oriol and Dean, Jeff},
  journal={arXiv preprint arXiv:1503.02531},
  year={2015}
}

@article{li2017learning,
  title={Learning without forgetting},
  author={Li, Zhizhong and Hoiem, Derek},
  journal={IEEE transactions on pattern analysis and machine intelligence},
  volume={40},
  number={12},
  pages={2935--2947},
  year={2017},
  publisher={IEEE}
}

@inproceedings{kemker2018measuring,
  title={Measuring catastrophic forgetting in neural networks},
  author={Kemker, Ronald and McClure, Marc and Abitino, Angelina and Hayes, Tyler L and Kanan, Christopher},
  booktitle={Thirty-second AAAI conference on artificial intelligence},
  year={2018}
}

@inproceedings{Hsu18_EvalCL,
  title={Re-evaluating Continual Learning Scenarios: A Categorization and Case for Strong Baselines},
  author={Yen-Chang Hsu and Yen-Cheng Liu and Anita Ramasamy and Zsolt Kira},
  booktitle={NeurIPS Continual learning Workshop },
  year={2018},
  url={https://arxiv.org/abs/1810.12488}
}

@inproceedings{VanDeVen2018a,
annote = {Comment: Extended version of work presented at the NeurIPS Continual Learning workshop (2018); 18 pages, 5 figures, 6 tables. Related to arXiv:1809.10635
arXiv: 1904.07734},
author = {van de Ven, Gido M and Tolias, Andreas S},
booktitle = {Continual Learning Workshop NeurIPS},
keywords = {Computer Science - Artificial Intelligence,Computer Science - Computer Vision and Pattern Rec,Computer Science - Machine Learning,Statistics - Machine Learning,[framework],[mnist]},
mendeley-tags = {[framework],[mnist]},
title = {Three scenarios for continual learning},
url = {http://arxiv.org/abs/1904.07734},
year = {2018}
}

@inproceedings{rebuffi2017icarl,
  title={icarl: Incremental classifier and representation learning},
  author={Rebuffi, Sylvestre-Alvise and Kolesnikov, Alexander and Sperl, Georg and Lampert, Christoph H},
  booktitle={Proceedings of the IEEE conference on Computer Vision and Pattern Recognition},
  pages={2001--2010},
  year={2017}
}

@article{riemer2018learning,
  title={Learning to learn without forgetting by maximizing transfer and minimizing interference},
  author={Riemer, Matthew and Cases, Ignacio and Ajemian, Robert and Liu, Miao and Rish, Irina and Tu, Yuhai and Tesauro, Gerald},
  journal={arXiv preprint arXiv:1810.11910},
  year={2018}
}


@inproceedings{mallya2018packnet,
  title={Packnet: Adding multiple tasks to a single network by iterative pruning},
  author={Mallya, Arun and Lazebnik, Svetlana},
  booktitle={Proceedings of the IEEE Conference on Computer Vision and Pattern Recognition},
  pages={7765--7773},
  year={2018}
}

@inproceedings{mallya2018piggyback,
  title={Piggyback: Adapting a single network to multiple tasks by learning to mask weights},
  author={Mallya, Arun and Davis, Dillon and Lazebnik, Svetlana},
  booktitle={Proceedings of the European Conference on Computer Vision (ECCV)},
  pages={67--82},
  year={2018}
}

@article{sokar2020spacenet,
  title={SpaceNet: Make Free Space For Continual Learning},
  author={Sokar, Ghada and Mocanu, Decebal Constantin and Pechenizkiy, Mykola},
  journal={arXiv preprint arXiv:2007.07617},
  year={2020}
}

@inproceedings{yoon2018lifelong,
  title={Lifelong Learning with Dynamically Expandable Networks},
  author={Yoon, Jaehong and Yang, Eunho and Lee, Jeongtae and Hwang, Sung Ju},
  booktitle={International Conference on Learning Representations},
  year={2018}
}


@inproceedings{shin2017continual,
  title={Continual learning with deep generative replay},
  author={Shin, Hanul and Lee, Jung Kwon and Kim, Jaehong and Kim, Jiwon},
  booktitle={Advances in Neural Information Processing Systems},
  pages={2990--2999},
  year={2017}
}



@article{wold1987principal,
  title={Principal component analysis},
  author={Wold, Svante and Esbensen, Kim and Geladi, Paul},
  journal={Chemometrics and intelligent laboratory systems},
  volume={2},
  number={1-3},
  pages={37--52},
  year={1987},
  publisher={Elsevier}
}

@inproceedings{bao2017cvae,
  title={CVAE-GAN: fine-grained image generation through asymmetric training},
  author={Bao, Jianmin and Chen, Dong and Wen, Fang and Li, Houqiang and Hua, Gang},
  booktitle={Proceedings of the IEEE international conference on computer vision},
  pages={2745--2754},
  year={2017}
}

@inproceedings{aljundi2019online,
  title={Online continual learning with maximal interfered retrieval},
  author={Aljundi, Rahaf and Belilovsky, Eugene and Tuytelaars, Tinne and Charlin, Laurent and Caccia, Massimo and Lin, Min and Page-Caccia, Lucas},
  booktitle={Advances in Neural Information Processing Systems},
  pages={11849--11860},
  year={2019}
}

@inproceedings{odena2017conditional,
  title={Conditional image synthesis with auxiliary classifier gans},
  author={Odena, Augustus and Olah, Christopher and Shlens, Jonathon},
  booktitle={International conference on machine learning},
  pages={2642--2651},
  year={2017}
}

@article{makhzani2015adversarial,
  title={Adversarial Autoencoders},
  author={Makhzani, Alireza and Shlens, Jonathon and Jaitly, Navdeep and Goodfellow, Ian and Frey, Brendan},
  journal={arXiv},
  pages={arXiv--1511},
  year={2015}
}

@inproceedings{chen2020cyclically,
  title={A cyclically-trained adversarial network for invariant representation learning},
  author={Chen, Jiawei and Konrad, Janusz and Ishwar, Prakash},
  booktitle={Proceedings of the IEEE/CVF Conference on Computer Vision and Pattern Recognition Workshops},
  pages={782--783},
  year={2020}
}


@article{guo2019auto,
  title={Auto-embedding generative adversarial networks for high resolution image synthesis},
  author={Guo, Yong and Chen, Qi and Chen, Jian and Wu, Qingyao and Shi, Qinfeng and Tan, Mingkui},
  journal={IEEE Transactions on Multimedia},
  volume={21},
  number={11},
  pages={2726--2737},
  year={2019},
  publisher={IEEE}
}

@inproceedings{miyato2018cgans,
  title={cGANs with Projection Discriminator},
  author={Miyato, Takeru and Koyama, Masanori},
  booktitle={International Conference on Learning Representations},
  year={2018}
}

@incollection{mccloskey1989catastrophic,
  title={Catastrophic interference in connectionist networks: The sequential learning problem},
  author={McCloskey, Michael and Cohen, Neal J},
  booktitle={Psychology of learning and motivation},
  volume={24},
  pages={109--165},
  year={1989},
  publisher={Elsevier}
}

@article{mocanu2016online,
  title={Online contrastive divergence with generative replay: Experience replay without storing data},
  author={Mocanu, Decebal Constantin and Vega, Maria Torres and Eaton, Eric and Stone, Peter and Liotta, Antonio},
  journal={arXiv preprint arXiv:1610.05555},
  year={2016}
}
@article{ebrahimi2020adversarial,
  title={Adversarial continual learning},
  author={Ebrahimi, Sayna and Meier, Franziska and Calandra, Roberto and Darrell, Trevor and Rohrbach, Marcus},
  journal={arXiv preprint arXiv:2003.09553},
  year={2020}
}

