
@inproceedings{sanneman2020situation,
  title={A Situation Awareness-Based Framework for Design and Evaluation of Explainable AI},
  author={Sanneman, Lindsay and Shah, Julie A},
  booktitle={International Workshop on Explainable, Transparent Autonomous Agents and Multi-Agent Systems},
  pages={94--110},
  year={2020},
  organization={Springer}
}

@inproceedings{kim2014bayesian,
  title={The bayesian case model: A generative approach for case-based reasoning and prototype classification},
  author={Kim, Been and Rudin, Cynthia and Shah, Julie A},
  booktitle={Advances in neural information processing systems},
  pages={1952--1960},
  year={2014}
}

@inproceedings{ribeiro2016should,
  title={" Why should i trust you?" Explaining the predictions of any classifier},
  author={Ribeiro, Marco Tulio and Singh, Sameer and Guestrin, Carlos},
  booktitle={Proceedings of the 22nd ACM SIGKDD international conference on knowledge discovery and data mining},
  pages={1135--1144},
  year={2016}
}

@article{sreedharan2020bridging,
  title={Bridging the Gap: Providing Post-Hoc Symbolic Explanations for Sequential Decision-Making Problems with Black Box Simulators},
  author={Sreedharan, Sarath and Soni, Utkash and Verma, Mudit and Srivastava, Siddharth and Kambhampati, Subbarao},
  journal={arXiv preprint arXiv:2002.01080},
  year={2020}
}

@inproceedings{lage2020human,
  title={Human-in-the-Loop Learning of Interpretable and Intuitive Representations},
  author={Lage, I and Doshi-Velez, F},
  booktitle={Proceedings of the ICML Workshop on Human Interpretability in Machine Learning, Vienna, Austria},
  volume={17},
  year={2020}
}

@article{argall2009survey,
  title={A survey of robot learning from demonstration},
  author={Argall, Brenna D and Chernova, Sonia and Veloso, Manuela and Browning, Brett},
  journal={Robotics and autonomous systems},
  volume={57},
  number={5},
  pages={469--483},
  year={2009},
  publisher={Elsevier}
}

@inproceedings{dragan2013legibility,
  title={Legibility and predictability of robot motion},
  author={Dragan, Anca D and Lee, Kenton CT and Srinivasa, Siddhartha S},
  booktitle={2013 8th ACM/IEEE International Conference on Human-Robot Interaction (HRI)},
  pages={301--308},
  year={2013},
  organization={IEEE}
}

@article{lage2019exploring,
  title={Exploring computational user models for agent policy summarization},
  author={Lage, Isaac and Lifschitz, Daphna and Doshi-Velez, Finale and Amir, Ofra},
  journal={arXiv preprint arXiv:1905.13271},
  year={2019}
}

@inproceedings{amir2018highlights,
  title={Highlights: Summarizing agent behavior to people},
  author={Amir, Dan and Amir, Ofra},
  booktitle={Proceedings of the 17th International Conference on Autonomous Agents and MultiAgent Systems},
  pages={1168--1176},
  year={2018}
}

@inproceedings{amir2018agent,
  title={Agent strategy summarization},
  author={Amir, Ofra and Doshi-Velez, Finale and Sarne, David},
  booktitle={Proceedings of the 17th International Conference on Autonomous Agents and MultiAgent Systems},
  pages={1203--1207},
  year={2018}
}

@article{shah2018bayesian,
  title={Bayesian inference of temporal task specifications from demonstrations},
  author={Shah, Ankit Jayesh and Kamath, Pritish and Li, Shen and Shah, Julie A},
  year={2018},
  publisher={Neural Information Processing Systems Foundation, Inc.}
}

@article{brockman2016openai,
  title={Openai gym},
  author={Brockman, Greg and Cheung, Vicki and Pettersson, Ludwig and Schneider, Jonas and Schulman, John and Tang, Jie and Zaremba, Wojciech},
  journal={arXiv preprint arXiv:1606.01540},
  year={2016}
}

@incollection{hart1988development,
  title={Development of NASA-TLX (Task Load Index): Results of empirical and theoretical research},
  author={Hart, Sandra G and Staveland, Lowell E},
  booktitle={Advances in psychology},
  volume={52},
  pages={139--183},
  year={1988},
  publisher={Elsevier}
}

@article{anderson2019explaining,
  title={Explaining reinforcement learning to mere mortals: An empirical study},
  author={Anderson, Andrew and Dodge, Jonathan and Sadarangani, Amrita and Juozapaitis, Zoe and Newman, Evan and Irvine, Jed and Chattopadhyay, Souti and Fern, Alan and Burnett, Margaret},
  journal={arXiv preprint arXiv:1903.09708},
  year={2019}
}

@inproceedings{kim2017collaborative,
  title={Collaborative planning with encoding of users' high-level strategies},
  author={Kim, Joseph and Banks, Christopher and Shah, Julie},
  booktitle={Proceedings of the AAAI Conference on Artificial Intelligence},
  volume={31},
  number={1},
  year={2017}
}

@article{hoffman2018metrics,
  title={Metrics for explainable AI: Challenges and prospects},
  author={Hoffman, Robert R and Mueller, Shane T and Klein, Gary and Litman, Jordan},
  journal={arXiv preprint arXiv:1812.04608},
  year={2018}
}

@article{settles2012active,
  title={Active learning},
  author={Settles, Burr},
  journal={Synthesis lectures on artificial intelligence and machine learning},
  volume={6},
  number={1},
  pages={1--114},
  year={2012},
  publisher={Morgan \& Claypool Publishers}
}

@inproceedings{pnueli1977temporal,
  title={The temporal logic of programs},
  author={Pnueli, Amir},
  booktitle={18th Annual Symposium on Foundations of Computer Science (sfcs 1977)},
  pages={46--57},
  year={1977},
  organization={IEEE}
}

@inproceedings{juozapaitis2019explainable,
  title={Explainable reinforcement learning via reward decomposition},
  author={Juozapaitis, Zoe and Koul, Anurag and Fern, Alan and Erwig, Martin and Doshi-Velez, Finale},
  booktitle={IJCAI/ECAI Workshop on Explainable Artificial Intelligence},
  year={2019}
}

@inproceedings{chakraborti2019plan,
  title={Plan Explanations as Model Reconciliation--An Empirical Study},
  author={Chakraborti, Tathagata and Sreedharan, Sarath and Grover, Sachin and Kambhampati, Subbarao},
  booktitle={2019 14th ACM/IEEE International Conference on Human-Robot Interaction (HRI)},
  pages={258--266},
  year={2019},
  organization={IEEE}
}

@inproceedings{tabrez2019explanation,
  title={Explanation-based reward coaching to improve human performance via reinforcement learning},
  author={Tabrez, Aaquib and Agrawal, Shivendra and Hayes, Bradley},
  booktitle={2019 14th ACM/IEEE International Conference on Human-Robot Interaction (HRI)},
  pages={249--257},
  year={2019},
  organization={IEEE}
}

@inproceedings{wang2016impact,
  title={The impact of pomdp-generated explanations on trust and performance in human-robot teams},
  author={Wang, Ning and Pynadath, David V and Hill, Susan G},
  booktitle={Proceedings of the 2016 international conference on autonomous agents \& multiagent systems},
  pages={997--1005},
  year={2016}
}

@article{lage2019evaluation,
  title={An evaluation of the human-interpretability of explanation},
  author={Lage, Isaac and Chen, Emily and He, Jeffrey and Narayanan, Menaka and Kim, Been and Gershman, Sam and Doshi-Velez, Finale},
  journal={arXiv preprint arXiv:1902.00006},
  year={2019}
}

@article{huang2019enabling,
  title={Enabling robots to communicate their objectives},
  author={Huang, Sandy H and Held, David and Abbeel, Pieter and Dragan, Anca D},
  journal={Autonomous Robots},
  volume={43},
  number={2},
  pages={309--326},
  year={2019},
  publisher={Springer}
}

@incollection{fisac2020pragmatic,
  title={Pragmatic-pedagogic value alignment},
  author={Fisac, Jaime F and Gates, Monica A and Hamrick, Jessica B and Liu, Chang and Hadfield-Menell, Dylan and Palaniappan, Malayandi and Malik, Dhruv and Sastry, S Shankar and Griffiths, Thomas L and Dragan, Anca D},
  booktitle={Robotics Research},
  pages={49--57},
  year={2020},
  publisher={Springer}
}

@article{hadfield2016cooperative,
  title={Cooperative inverse reinforcement learning},
  author={Hadfield-Menell, Dylan and Dragan, Anca and Abbeel, Pieter and Russell, Stuart},
  journal={arXiv preprint arXiv:1606.03137},
  year={2016}
}

@article{shah2020interactive,
  title={Interactive robot training for non-markov tasks},
  author={Shah, Ankit and Wadhwania, Samir and Shah, Julie},
  journal={arXiv preprint arXiv:2003.02232},
  year={2020}
}

@article{biyik2019asking,
  title={Asking easy questions: A user-friendly approach to active reward learning},
  author={B{\i}y{\i}k, Erdem and Palan, Malayandi and Landolfi, Nicholas C and Losey, Dylan P and Sadigh, Dorsa},
  journal={arXiv preprint arXiv:1910.04365},
  year={2019}
}


@article{lee2021machine,
  title={Machine Teaching for Human Inverse Reinforcement Learning},
  author={Lee, Michael S and Admoni, Henny and Simmons, Reid},
  journal={Frontiers in Robotics and AI},
  volume={8},
  pages={188},
  year={2021},
  publisher={Frontiers}
}


@inproceedings{cakmak2012algorithmic,
  title={Algorithmic and human teaching of sequential decision tasks},
  author={Cakmak, Maya and Lopes, Manuel},
  booktitle={Twenty-Sixth AAAI Conference on Artificial Intelligence},
  year={2012}
}

@inproceedings{huang2018establishing,
  title={Establishing appropriate trust via critical states},
  author={Huang, Sandy H and Bhatia, Kush and Abbeel, Pieter and Dragan, Anca D},
  booktitle={2018 IEEE/RSJ International Conference on Intelligent Robots and Systems (IROS)},
  pages={3929--3936},
  year={2018},
  organization={IEEE}
}