@article{brown2020language,
  title={Language models are few-shot learners},
  author={Brown, Tom B and Mann, Benjamin and Ryder, Nick and Subbiah, Melanie and Kaplan, Jared and Dhariwal, Prafulla and Neelakantan, Arvind and Shyam, Pranav and Sastry, Girish and Askell, Amanda and others},
  journal={arXiv preprint arXiv:2005.14165},
  year={2020}
}

@article{andrychowicz2020learning,
  title={Learning dexterous in-hand manipulation},
  author={Marcin Andrychowicz and Bowen Baker and Maciek Chociej and Rafal JÃ³zefowicz and Bob McGrew and Jakub Pachocki and Arthur Petron and Matthias Plappert and Glenn Powell and Alex Ray and Jonas Schneider and Szymon Sidor and Josh Tobin and Peter Welinder and Lilian Weng and Wojciech Zaremba},
  journal={The International Journal of Robotics Research},
  volume={39},
  number={1},
  pages={3--20},
  year={2020},
  publisher={SAGE Publications Sage UK: London, England},
  URL = {https://doi.org/10.1177/0278364919887447},
  eprint = {https://doi.org/10.1177/0278364919887447}
}

@misc{Detectron2018,
  author =       {Ross Girshick and Ilija Radosavovic and Georgia Gkioxari and
                  Piotr Doll\'{a}r and Kaiming He},
  title =        {Detectron},
  howpublished = {\url{https://github.com/facebookresearch/detectron}},
  year =         {2018}
}

@article{kadian2019we,
  title={Are we making real progress in simulated environments? measuring the sim2real gap in embodied visual navigation},
  author={Kadian, Abhishek and Truong, Joanne and Gokaslan, Aaron and Clegg, Alexander and Wijmans, Erik and Lee, Stefan and Savva, Manolis and Chernova, Sonia and Batra, Dhruv},
  journal={arXiv preprint arXiv:1912.06321},
  year={2019}
}

@inproceedings{hedayati2019recognizing,
  title={Recognizing f-formations in the open world},
  author={Hedayati, Hooman and Szafir, Daniel and Andrist, Sean},
  booktitle={Proceedings of the 14th ACM/IEEE International Conference on Human-Robot Interaction (HRI)},
  pages={558--559},
  year={2019},
  organization={IEEE}
}

@inproceedings{bohus2014directions,
  title={Directions robot: in-the-wild experiences and lessons learned},
  author={Bohus, Dan and Saw, Chit W and Horvitz, Eric},
  booktitle={Proceedings of the 2014 international conference on Autonomous agents and multi-agent systems (AAMAS)},
  pages={637--644},
  year={2014}
}

@inproceedings{bohus2014managing,
  title={Managing human-robot engagement with forecasts and... um... hesitations},
  author={Bohus, Dan and Horvitz, Eric},
  booktitle={Proceedings of the 16th international conference on multimodal interaction (ICMI)},
  pages={2--9},
  year={2014}
}

@inproceedings{tan2020now,
  title={Now, Over Here: Leveraging Extended Attentional Capabilities in Human-Robot Interaction},
  author={Tan, Xiang Zhi and Andrist, Sean and Bohus, Dan and Horvitz, Eric},
  booktitle={Companion of the 2020 ACM/IEEE International Conference on Human-Robot Interaction (Late Breaking Reports)},
  pages={468--470},
  year={2020}
}

@inproceedings{bohus2017study,
  title={A study in scene shaping: Adjusting F-formations in the wild},
  author={Bohus, Dan and Andrist, Sean and Horvitz, Eric},
  booktitle={Proceedings of the 2017 AAAI Fall Symposium: Natural Communication for Human-Robot Collaboration},
  year={2017}
}

@inproceedings{andrist2016you,
  title={Are you messing with me? Querying about the sincerity of interactions in the open world},
  author={Andrist, Sean and Bohus, Dan and Yu, Zhou and Horvitz, Eric},
  booktitle={Proceedings of the 11th ACM/IEEE International Conference on Human-Robot Interaction (HRI)},
  pages={409--410},
  year={2016},
  organization={IEEE}
}

@inproceedings{bohus2011,
    title = "Multiparty Turn Taking in Situated Dialog: Study, Lessons, and Directions",
    author = "Bohus, Dan  and
      Horvitz, Eric",
    booktitle = "Proceedings of the {SIGDIAL} 2011 Conference",
    month = jun,
    year = "2011",
    address = "Portland, Oregon",
    publisher = "Association for Computational Linguistics",
    url = "https://www.aclweb.org/anthology/W11-2013",
    pages = "98--109",
}

@inproceedings{yu2015incremental,
  title={Incremental coordination: Attention-centric speech production in a physically situated conversational agent},
  author={Yu, Zhou and Bohus, Dan and Horvitz, Eric},
  booktitle={Proceedings of the 16th Annual Meeting of the Special Interest Group on Discourse and Dialogue (SIGdial)},
  pages={402--406},
  year={2015}
}

@inproceedings{bohus2009models,
  title={Models for multiparty engagement in open-world dialog},
  author={Bohus, Dan and Horvitz, Eric},
  booktitle={Proceedings of the 10th Annual Meeting of the Special Interest Group on Discourse and Dialogue (SIGdial)},
  year={2009},
}

@inproceedings{Quigley09,
author={Morgan Quigley and Brian Gerkey and Ken Conley and Josh Faust and Tully Foote and Jeremy Leibs and Eric Berger and Rob Wheeler and Andrew Ng},
title={ROS: an open-source Robot Operating System},
booktitle={Proceedings of the IEEE International Conference on Robotics and Automation (ICRA): Workshop on Open Source Robotics},
year={2009},
}

@inproceedings{skantze2012iristk,
  title={IrisTK: a statechart-based toolkit for multi-party face-to-face interaction},
  author={Skantze, Gabriel and Al Moubayed, Samer},
  booktitle={Proceedings of the 14th ACM international conference on Multimodal interaction (ICMI)},
  pages={69--76},
  year={2012}
}

@inproceedings{wagner2013social,
  title={The social signal interpretation (SSI) framework: multimodal signal processing and recognition in real-time},
  author={Wagner, Johannes and Lingenfelser, Florian and Baur, Tobias and Damian, Ionut and Kistler, Felix and Andr{\'e}, Elisabeth},
  booktitle={Proceedings of the 21st ACM international conference on Multimedia (MM)},
  pages={831--834},
  year={2013}
}

@article{bohus2020psi,
  title={Platform for Situated Intelligence},
  author={Bohus, Dan and Andrist, Sean and and Feniello, Ashley and Saw, Nick and Thompson, Anne Loomis and Jalobeanu, Mihai and Sweeney, Patrick and Horvitz, Eric},
  journal={To appear, arXiv},
  year={2020}
}

@article{lugaresi2019mediapipe,
  title={Mediapipe: A framework for building perception pipelines},
  author={Lugaresi, Camillo and Tang, Jiuqiang and Nash, Hadon and McClanahan, Chris and Uboweja, Esha and Hays, Michael and Zhang, Fan and Chang, Chuo-Ling and Yong, Ming Guang and Lee, Juhyun and others},
  journal={arXiv preprint arXiv:1906.08172},
  year={2019}
}