    



@article{Kowalski2019RegularBoardgames,
  author = {Kowalski, J. and Mika, M. and Sutowicz, J. and Szyku{\l}a, M.},
  title = {{Regular Boardgames}},
  journal = {AAAI},
  volume = {33},
  number = {1},
  pages = {1699--1706},
  year = {2019},
}

@article{Genesereth2005General,
  author = {Genesereth, M. and Love, N. and Pell, B.},
  title = {{General Game Playing: Overview of the AAAI Competition}},
  journal = {AI Magazine},
  volume = {26},
  pages = {62--72},
  year = {2005},
}

@techreport{Love2006General,
  author = {Love, N. and Hinrichs, T. and Haley, D. and Schkufza, E. and Genesereth, M.},
  title = {{General Game Playing: Game Description Language Specification}},
  series = {LG-2006-01},
  institution = {Stanford Logic Group},   
  year = {2006}
}

@article{ThielscherAAAI20,
  author = 	{Adrian Goldwaser and Michael Thielscher},
  title =      {{Deep Reinforcement Learning for General Game Playing}},
  number={02}, 
journal={AAAI},
 volume={34},
 pages={1701-1708},
  year = 	{2020},
}

@inproceedings{Piette2020Ludii,
    author      = "{\'E}. Piette and D. J. N. J. Soemers and M. Stephenson and C. F. Sironi and M. H. M. Winands and C. Browne",
    booktitle   = "ECAI",
    title       = "Ludii -- The Ludemic General Game System",
    pages       = "411-418",
    year        = "2020",
    series      = "FAIA",
    volume      = "325",
}


@inproceedings{Piette2020LudiiShort,
    author      = "{\'E}. Piette and others",
    booktitle   = "ECAI",
    title       = "Ludii -- The Ludemic General Game System",
    pages       = "411-418",
    year        = "2020",
    series      = "FAIA",
    volume      = "325",
}


@article{soemers2021deep,
  title={Deep learning for general game playing with ludii and polygames},
  author={Soemers, Dennis JNJ and Mella, Vegard and Browne, Cameron and Teytaud, Olivier},
  journal={ICGA Journal},
  volume={43},
  number={3},
  pages={146--161},
  year={2021},
  publisher={IOS Press}
}

@article{soemers2021deepShort,
  title={Deep learning for general game playing with ludii and polygames},
  author={Soemers, Dennis JNJ and others},
  journal={ICGA Journal},
  volume={43},
  number={3},
  pages={146--161},
  year={2021},
  publisher={IOS Press}
}

@phdthesis{GGPDRLPhd23,
  title={{Investigating Novel Representations and Deep Reinforcement Learning for General Game Playing}},
  author={Gunawan, Alvaro},
  year={2023},
  school={Auckland University of Technology}
}

@inproceedings{cohen2023minimax,
  title={{Minimax Strikes Back}},
  author={Cohen-Solal, Quentin and Cazenave, Tristan},
  booktitle={AAMAS},
  pages={1923--1931},
  year={2023}
}

@article{Browne2012ASurveyShort, 
  author={Browne, C. B.  and others}, 
  journal={TCIAIG}, 
  title={{A Survey of Monte Carlo Tree Search Methods}}, 
  year={2012}, 
  volume={4}, 
  number={1}, 
  pages={1--43}, 
}

@article{Browne2012ASurvey, 
  author={Browne, C. B.  and Powley, E and Whitehouse, D. and Lucas, S. M. and Cowling, P. I. and Rohlfshagen, P. and Tavener, S. and Perez, D. and Samothrakis, S. and Colton, S.}, 
  journal={IEEE Transactions on Computational Intelligence and AI in Games}, 
  title={{A Survey of Monte Carlo Tree Search Methods}}, 
  year={2012}, 
  volume={4}, 
  number={1}, 
  pages={1--43}, 
}

@article{Kowalski2022SplitMoves,
  author = {Kowalski, J. and Mika, M. and Pawlik, W. and Sutowicz, J. and Szyku{\l}a, M. and Winands, M. H. M.},
  title = {{Split Moves for Monte-Carlo Tree Search}},
  journal = {AAAI},
  volume = {36},
  number = {9},
  pages = {10247--10255},
  year = {2022},
}


@article{vaswani2017attention,
  title={Attention is all you need},
  author={Vaswani, Ashish and Shazeer, Noam and Parmar, Niki and Uszkoreit, Jakob and Jones, Llion and Gomez, Aidan N and Kaiser, {\L}ukasz and Polosukhin, Illia},
  journal={NeurIPS},
  volume={30},
  year={2017},
}


@article{vaswani2017attentionShort,
  title={Attention is all you need},
  author={Vaswani, Ashish and others},
  journal={NeurIPS},
  volume={30},
  year={2017},
}

@article{silver2018generalshort,
  title={A general reinforcement learning algorithm that masters {C}hess, {S}hogi, and {G}o through self-play},
  author={Silver, David and others},
  journal={Science},
  volume={362},
  number={6419},
  pages={1140--1144},
  year={2018},
}

@article{silver2018general,
  title={A general reinforcement learning algorithm that masters chess, shogi, and {G}o through self-play},
  author={Silver, David and Hubert, Thomas and Schrittwieser, Julian and Antonoglou, Ioannis and Lai, Matthew and Guez, Arthur and Lanctot, Marc and Sifre, Laurent and Kumaran, Dharshan and Graepel, Thore and others},
  journal={Science},
  volume={362},
  number={6419},
  pages={1140--1144},
  year={2018},
  publisher={American Association for the Advancement of Science}
}


@inproceedings{he2016deep,
  title={Deep residual learning for image recognition},
  author={He, Kaiming and Zhang, Xiangyu and Ren, Shaoqing and Sun, Jian},
  booktitle={Proceedings of the IEEE conference on computer vision and pattern recognition},
  pages={770--778},
  year={2016}
}

@inproceedings{ioffe2015batch,
  title={Batch normalization: Accelerating deep network training by reducing internal covariate shift},
  author={Ioffe, Sergey and Szegedy, Christian},
  booktitle={ICML},
  pages={448--456},
  year={2015},
}

@article{srivastava2014dropout,
  title={Dropout: a simple way to prevent neural networks from overfitting},
  author={Srivastava, Nitish and Hinton, Geoffrey and Krizhevsky, Alex and Sutskever, Ilya and Salakhutdinov, Ruslan},
  journal={The journal of machine learning research},
  volume={15},
  number={1},
  pages={1929--1958},
  year={2014},
}

@inproceedings{devlin-etal-2019-bert,
    title = "{BERT}: Pre-training of Deep Bidirectional Transformers for Language Understanding",
    author = "Devlin, Jacob  and
      Chang, Ming-Wei  and
      Lee, Kenton  and
      Toutanova, Kristina",
    booktitle = "Proceedings of the 2019 Conference of the North {A}merican Chapter of the Association for Computational Linguistics: Human Language Technologies, Volume 1 (Long and Short Papers)",
    year = "2019",
    pages = "4171--4186",
}

@InProceedings{KingBa15,
  author    = {Kingma, Diederik and Ba, Jimmy},
  booktitle = {International Conference on Learning Representations (ICLR)},
  title     = {Adam: A Method for Stochastic Optimization},
  year      = {2015},
}

@article{Rosin2011,
  author = {Rosin, Christopher D.},
  title = {Multi-armed bandits with episode context},
  journal = {Annals of Mathematics and Artificial Intelligence},
  volume = {61},
  number = {3},
  pages = {203--230},
  year = {2011},
}

@inproceedings{Kowalski2020EfficientReasoning,
  author = {Kowalski, J. and Miernik, R. and Mika, M. and Pawlik, W. and Sutowicz, J. and Szyku{\l}a, M. and Tkaczyk, A.},
  title = {{Efficient Reasoning in Regular Boardgames}},
  booktitle = {IEEE Conference on Games},
  pages = {455--462},
  year = {2020},
}
