%%%%%%%%%%%%%%%%%%%%%%%%%%%%%%%%%%%%%%%%%%%%%%%%%%%%%%%%%%%%%%%%%%%%%%%%%%%%
% FaMSeC
@phdthesis{israelsenThesis,
title={Algorithmic Assurances and Self-Assessment of Competency Boundaries in Autonomous Systems},
  author={Israelsen, Brett},
  year={2019},
  school={University of Colorado at Boulder, Boulder}
}

@article{israelsen2019dave,
  title={“{D}ave... {I} can assure you... that it’s going to be all right...” A Definition, Case for, and Survey of Algorithmic Assurances in Human-Autonomy Trust Relationships},
  author={Israelsen, Brett W and Ahmed, Nisar R},
  journal={ACM Computing Surveys (CSUR)},
  volume={51},
  number={6},
  pages={1--37},
  year={2019},
  publisher={ACM New York, NY, USA}
}

@inproceedings{israelsen2019ConfPaper,
  title={Machine Self-confidence in Autonomous Systems via Meta-analysis of Decision Processes},
  author={Israelsen, Brett and Ahmed, Nisar and Frew, Eric and Lawrence, Dale and Argrow, Brian},
  booktitle={International Conference on Applied Human Factors and Ergonomics},
  pages={213--223},
  year={2019},
  organization={Springer}
}

@mastersthesis{aitken2016Thesis,
  title={Assured human-autonomy interaction through machine self-confidence},
  author={Aitken, Matthew},
  year={2016},
  school={University of Colorado Boulder},
  department ={Aerospace Engineering Sciences}
}

%%%%%%%%%%%%%%%%%%%%%%%%%%%%%%%%%%%%%%%%%%%%%%%%%%%%%%%%%%%%%%%%%%%%%%%%%%%%
% human modeling / assistant selection 
@phdthesis{mcguireThesis,
title={Everybody Needs Somebody Sometimes: Validation of Adaptive Recovery in Robotic Space Operations},
  author={McGuire, Steve},
  year={2019},
  school={University of Colorado at Boulder, Boulder}
}

@article{mcguire2018failure,
  title={Failure is not an option: Policy learning for adaptive recovery in space operations},
  author={McGuire, Steve and Furlong, P Michael and Heckman, Christoffer and Julier, Simon and Szafir, Daniel and Ahmed, Nisar},
  journal={IEEE Robotics and Automation Letters},
  volume={3},
  number={3},
  pages={1639--1646},
  year={2018},
  publisher={IEEE}
}

@article{mcguire2019everybody,
  title={Everybody Needs Somebody Sometimes: Validation of Adaptive Recovery in Robotic Space Operations},
  author={McGuire, Steve and Furlong, P Michael and Fong, Terry and Heckman, Christoffer and Szafir, Daniel and Julier, Simon J and Ahmed, Nisar},
  journal={IEEE Robotics and Automation Letters},
  volume={4},
  number={2},
  pages={1216--1223},
  year={2019},
  publisher={IEEE}
}

@InProceedings{success_muri,
    author="Gautam, Alvika
    and Crandall, Jacob W.
    and Goodrich, Michael A.",
    editor="Zallio, Matteo",
    title="Self-assessment of Proficiency of Intelligent Systems: Challenges and Opportunities",
    booktitle="Advances in Human Factors in Robots, Drones and Unmanned Systems",
    year="2021",
    publisher="Springer International Publishing",
    address="Cham",
    pages="108--113",
    abstract="Autonomous systems, although capable of performing complicated tasks much faster than humans, are brittle due to uncertainties encountered in most real-time applications. People supervising these systems often rely on information relayed by the system to make any decisions, which places a burden on the system to self-assess its proficiency and communicate the relevant information.",
    isbn="978-3-030-51758-8"
}


@inproceedings{dragan_modeling_humans,
    author = {Bobu, Andreea and Scobee, Dexter R. R. and Fisac, Jaime F. and Sastry, S. Shankar and Dragan, Anca D.},
    title = {LESS is More: Rethinking Probabilistic Models of Human Behavior},
    year = {2020},
    isbn = {9781450367462},
    publisher = {Association for Computing Machinery},
    address = {New York, NY, USA},
    url = {https://doi-org.colorado.idm.oclc.org/10.1145/3319502.3374811},
    doi = {10.1145/3319502.3374811},
    booktitle = {Proceedings of the 2020 ACM/IEEE International Conference on Human-Robot Interaction},
    pages = {429–437},
    numpages = {9},
    keywords = {human decision modeling, robot inference and prediction},
    location = {Cambridge, United Kingdom},
    series = {HRI '20}
}

@inproceedings{dragan_behavior_beliefs,
    author = {Reddy, Siddharth and Dragan, Anca D. and Levine, Sergey},
    title = {Where Do You Think You're Going? Inferring Beliefs about Dynamics from Behavior},
    year = {2018},
    publisher = {Curran Associates Inc.},
    address = {Red Hook, NY, USA},
    booktitle = {Proceedings of the 32nd International Conference on Neural Information Processing Systems},
    pages = {1461–1472},
    numpages = {12},
    location = {Montr\'{e}al, Canada},
    series = {NIPS'18}
}

  

  

%%%%%%%%%%%%%%%%%%%%%%%%%%%%%%%%%%%%%%%%%%%%%%%%%%%%%%%%%%%%%%%%%%%%%%%%%%%%
% Competency 
@InProceedings{success_muri,
    author="Gautam, Alvika
    and Crandall, Jacob W.
    and Goodrich, Michael A.",
    editor="Zallio, Matteo",
    title="Self-assessment of Proficiency of Intelligent Systems: Challenges and Opportunities",
    booktitle="Advances in Human Factors in Robots, Drones and Unmanned Systems",
    year="2021",
    publisher="Springer International Publishing",
    address="Cham",
    pages="108--113",
    abstract="Autonomous systems, although capable of performing complicated tasks much faster than humans, are brittle due to uncertainties encountered in most real-time applications. People supervising these systems often rely on information relayed by the system to make any decisions, which places a burden on the system to self-assess its proficiency and communicate the relevant information.",
    isbn="978-3-030-51758-8"
}


@article{cummings_self_assessment,
    title = {Modeling operator self-assessment in human-autonomy teaming settings},
    journal = {International Journal of Human-Computer Studies},
    volume = {157},
    pages = {102729},
    year = {2022},
    issn = {1071-5819},
    doi = {https://doi.org/10.1016/j.ijhcs.2021.102729},
    url = {https://www.sciencedirect.com/science/article/pii/S1071581921001476},
    author = {Mary L. Cummings and Songpo Li and Haibei Zhu},
    keywords = {Human-autonomy teaming, UAV, Strategy modeling, Hidden Markov model, Human performance, Confidence}
}

@article{team_performance,
    author = {de Visser, Ewart and Parasuraman, Raja and Freedy, Amos and Freedy, Elan and Weltman, Gershon},
    year = {2006},
    month = {10},
    pages = {},
    title = {A Comprehensive Methodology for Assessing Human-Robot Team Performance for Use in Training and Simulation},
    volume = {50},
    journal = {Proceedings of the Human Factors and Ergonomics Society Annual Meeting},
    doi = {10.1177/154193120605002507}
}



%%%%%%%%%%%%%%%%%%%%%%%%%%%%%%%%%%%%%%%%%%%%%%%%%%%%%%%%%%%%%%%%%%%%%%%%%%%%
% Kochendrefer book (MDPs)
@book{KochenderferBook,
  title={Decision making under uncertainty: theory and application},
  author={Kochenderfer, Mykel J},
  year={2015},
  publisher={MIT Press}
}
%%%%%%%%%%%%%%%%%%%%%%%%%%%%%%%%%%%%%%%%%%%%%%%%%%%%%%%%%%%%%%%%%%%%%%%%%%%%
% Trust measures
@INPROCEEDINGS{8673154,
  author={Ullman, Daniel and Malle, Bertram F.},
  booktitle={2019 14th ACM/IEEE International Conference on Human-Robot Interaction (HRI)}, 
  title={Measuring Gains and Losses in Human-Robot Trust: Evidence for Differentiable Components of Trust}, 
  year={2019},
  volume={},
  number={},
  pages={618-619},
  doi={10.1109/HRI.2019.8673154}
}

%%%%%%%%%%%%%%%%%%%%%%%%%%%%%%%%%%%%%%%%%%%%%%%%%%%%%%%%%%%%%%%%%%%%%%%%%%%%
% General Trust
@article{trustinreliance,
  title={The role of trust in automation reliance},
  author={Dzindolet, Mary T and Peterson, Scott A and Pomranky, Regina A and Pierce, Linda G and Beck, Hall P},
  journal={International journal of human-computer studies},
  volume={58},
  number={6},
  pages={697--718},
  year={2003},
  publisher={Elsevier}
}

@article{trustbounding,
  title={Measurement of Trust in Human-Robot Collaboration},
  author={Amos Freedy, Ewart DeVisser, Gershon Weltman},
  year={2007},
  note={Proceedings of the Symposium on Collaborative Technologies & Systems}
}

@inproceedings{Hutchins2015,
  title={Representing autonomous systems’ self-confidence through competency boundaries},
  author={Hutchins, Andrew R and Cummings, Mary L and Draper, Mark and Hughes, Thomas},
  booktitle={Proceedings of the Human Factors and Ergonomics Society Annual Meeting},
  volume={59},
  pages={279--283},
  year={2015},
  organization={SAGE Publications Sage CA: Los Angeles, CA}
}

@inproceedings{critical_states,
  title={Establishing Appropriate Trust Via Critical States},
  author={S. Huang, K. Bhatia, P. Abbeel, and A.D. Dragan},
  booktitle={International Conference on Intelligent Robots and Systems (IROS)},
  year={2018},
}

@article{misuse_disuse,
    author = {Raja Parasuraman and Victor Riley},
    title ={Humans and Automation: Use, Misuse, Disuse, Abuse},
    journal = {Human Factors},
    volume = {39},
    number = {2},
    pages = {230-253},
    year = {1997},
    doi = {10.1518/001872097778543886},
    URL = { https://doi.org/10.1518/001872097778543886},
    eprint = { https://doi.org/10.1518/001872097778543886}
}

@article{logitudinal_trust_calibration,
    author = {de Visser, Ewart and Peeters, Marieke M.M. and Jung, Malte and Kohn, Spencer and Shaw, Tyler and Pak, Richard and Neerincx, Mark},
    year = {2020},
    month = {05},
    pages = {},
    title = {Towards a Theory of Longitudinal Trust Calibration in Human–Robot Teams},
    volume = {12},
    journal = {International Journal of Social Robotics},
    doi = {10.1007/s12369-019-00596-x}
}


%%%%%%%%%%%%%%%%%%%%%%%%%%%%%%%%%%%%%%%%%%%%%%%%%%%%%%%%%%%%%%%%%%%%%%%%%%%%
% collaboration
@article{johnson_caoctive_design,
    author = {Johnson, Matthew and Bradshaw, Jeffrey M. and Feltovich, Paul J. and Jonker, Catholijn M. and van Riemsdijk, M. Birna and Sierhuis, Maarten},
    title = {Coactive Design: Designing Support for Interdependence in Joint Activity},
    year = {2014},
    issue_date = {February 2014},
    publisher = {Journal of Human-Robot Interaction Steering Committee},
    volume = {3},
    number = {1},
    url = {https://doi-org.colorado.idm.oclc.org/10.5898/JHRI.3.1.Johnson},
    doi = {10.5898/JHRI.3.1.Johnson},
    journal = {J. Hum.-Robot Interact.},
    month = feb,
    pages = {43–69},
    numpages = {27},
    keywords = {human-robot interaction, interdependence, coactive design, joint activity, collaboration, teamwork, human-agent-robot teamwork}
}

@article{fong_cc,
    author = {Fong, Terrence and Thorpe, Charles and Baur, Charles and Schultz, Alan and Parker, Lynne},
    year = {2002},
    month = {02},
    pages = {},
    title = {Robot as Partner: Vehicle Teleoperation with Collaborative Control},
    isbn = {978-90-481-6046-4},
    doi = {10.1007/978-94-017-2376-3_21}
}


%%%%%%%%%%%%%%%%%%%%%%%%%%%%%%%%%%%%%%%%%%%%%%%%%%%%%%%%%%%%%%%%%%%%%%%%%%%%
% AVs
@article{azevedo,
    author = {Azevedo Sá, Hebert and Jayaraman, Sureshkumaar and Esterwood, Connor and Yang, X. Jessie and Robert, Lionel and Tilbury, Dawn},
    year = {2020},
    month = {01},
    pages = {},
    title = {Real-Time Estimation of Drivers' Trust in Automated Driving Systems},
    journal = {SSRN Electronic Journal},
    doi = {10.2139/ssrn.3769179}
}

@inproceedings{lane_change_decision_making,
    author = {Blenk, Tabea and Cramer, Stephanie},
    title = {Lane Change Decision Making for Automated Driving},
    year = {2021},
    isbn = {9781450382892},
    publisher = {Association for Computing Machinery},
    address = {New York, NY, USA},
    url = {https://doi-org.colorado.idm.oclc.org/10.1145/3434073.3444686},
    doi = {10.1145/3434073.3444686},
    booktitle = {Proceedings of the 2021 ACM/IEEE International Conference on Human-Robot Interaction},
    pages = {6–15},
    numpages = {10},
    keywords = {user-centered design, automated driving, lane change behavior},
    location = {Boulder, CO, USA},
    series = {HRI '21}
}

%%%%%%%%%%%%%%%%%%%%%%%%%%%%%%%%%%%%%%%%%%%%%%%%%%%%%%%%%%%%%%%%%%%%%%%%%%%%
% social robots
@article{social_robot_trust,
    author = {Cameron, Dave and de Saille, Stevienna and Collins, Emily and Aitken, Jonathan and Cheung, Hugo and Chua, Adriel and Loh, Ee and Law, James},
    year = {2020},
    month = {09},
    pages = {},
    title = {The effect of social-cognitive recovery strategies on likability, capability and trust in social robots},
    volume = {114},
    journal = {Computers in Human Behavior},
    doi = {10.1016/j.chb.2020.106561}
}

@INPROCEEDINGS{influence_social_robots_trust,
  author={Rossi, Alessandra and Dautenhahn, Kerstin and Lee Koay, Kheng and Walters, Michael L.},
  booktitle={2020 29th IEEE International Conference on Robot and Human Interactive Communication (RO-MAN)}, 
  title={How Social Robots Influence People’s Trust in Critical Situations}, 
  year={2020},
  volume={},
  number={},
  pages={1020-1025},
  doi={10.1109/RO-MAN47096.2020.9223471}
}

%%%%%%%%%%%%%%%%%%%%%%%%%%%%%%%%%%%%%%%%%%%%%%%%%%%%%%%%%%%%%%%%%%%%%%%%%%%%
% field robotics
@inproceedings{uav_congitive_load_trust,
    author = {Lochner, Martin and Duenser, Andreas and Sarker, Shouvojit},
    title = {Trust and Cognitive Load in Semi-Automated UAV Operation},
    year = {2019},
    isbn = {9781450376969},
    publisher = {Association for Computing Machinery},
    address = {New York, NY, USA},
    url = {https://doi-org.colorado.idm.oclc.org/10.1145/3369457.3369509},
    doi = {10.1145/3369457.3369509},
    booktitle = {Proceedings of the 31st Australian Conference on Human-Computer-Interaction},
    pages = {437–441},
    numpages = {5},
    keywords = {Trust, psycho-physiology, galvanic skin response, GSR, cognitive load, autonomous systems, automation, UAV},
    location = {Fremantle, WA, Australia},
    series = {OZCHI'19}
}

@ARTICLE{HAT_uav_trust,
  author={Demir, Mustafa and McNeese, Nathan J. and Gorman, Jaime C. and Cooke, Nancy J. and Myers, Christopher W. and Grimm, David A.},
  journal={IEEE Transactions on Human-Machine Systems}, 
  title={Exploration of Teammate Trust and Interaction Dynamics in Human-Autonomy Teaming}, 
  year={2021},
  volume={},
  number={},
  pages={1-10},
  doi={10.1109/THMS.2021.3115058}
}

%%%%%%%%%%%%%%%%%%%%%%%%%%%%%%%%%%%%%%%%%%%%%%%%%%%%%%%%%%%%%%%%%%%%%%%%%%%%
% space robots
@INPROCEEDINGS{lunar_mining,
  author={Thangavelautham, Jekan and Chandra, Aman and Jensen, Erik},
  booktitle={2020 IEEE Aerospace Conference}, 
  title={Autonomous Robot Teams for Lunar Mining Base Construction and Operation}, 
  year={2020},
  volume={},
  number={},
  pages={1-16},
  doi={10.1109/AERO47225.2020.9172811}
}

@article{exploration_robots_space,
    author = {Kalita, Himangshu and Thangavelautham, Jekan},
    year = {2020},
    month = {09},
    pages = {},
    title = {Exploration of Extreme Environments with Current and Emerging Robot Systems},
    volume = {1},
    journal = {Springer Tracts in Advanced Robotics},
    doi = {10.1007/s43154-020-00016-3}
}


%%%%%%%%%%%%%%%%%%%%%%%%%%%%%%%%%%%%%%%%%%%%%%%%%%%%%%%%%%%%%%%%%%%%%%%%%%%%
% ISR background parts
@inproceedings{history_of_uavs,
	title = {The Silent Force Multiplier: The History and Role of UAVs in Warfare},
	shorttitle = {The {Silent} {Force} {Multiplier}},
	doi = {10.1109/AERO.2007.352737},
	booktitle = {2007 {IEEE} {Aerospace} {Conference}},
	author = {Cook, Kendra L. B.},
	month = mar,
	year = {2007},
	note = {ISSN: 1095-323X},
	pages = {1--7},
}

@mastersthesis{naval_urban_uav,
	title = {Integration of Multiple UAVs For Collaborative ISR Missions in an Urban Environment},
	author = {Chua, Chee Nam},
	school = {Naval Postgraduate School},
	pages = {117},
    year = {2012}
}

@article{dist_wildfire,
    author = {Julian, Kyle D. and Kochenderfer, Mykel J.},
    title = {Distributed Wildfire Surveillance with Autonomous Aircraft Using Deep Reinforcement Learning},
    journal = {Journal of Guidance, Control, and Dynamics},
    volume = {42},
    number = {8},
    pages = {1768-1778},
    year = {2019},
    doi = {10.2514/1.G004106},
    URL = { https://doi.org/10.2514/1.G004106}
}

@inproceedings{disaster_imaging,
	title = {UAV aerial imaging applications for post-disaster assessment, environmental management and infrastructure development},
	doi = {10.1109/ICUAS.2014.6842266},
	booktitle = {2014 {International} {Conference} on {Unmanned} {Aircraft} {Systems} ({ICUAS})},
	author = {Ezequiel, Carlos Alphonso F. and Cua, Matthew and Libatique, Nathaniel C. and Tangonan, Gregory L. and Alampay, Raphael and Labuguen, Rollyn T. and Favila, Chrisandro M. and Honrado, Jaime Luis E. and Caños, Vinni and Devaney, Charles and Loreto, Alan B. and Bacusmo, Jose and Palma, Benny},
	month = may,
	year = {2014},
	keywords = {Cameras, Cities and towns, Data acquisition, Global Positioning System, Software, Tropical cyclones},
	pages = {274--283},
}

@inproceedings{Italy_earthquake,
	title = {Rescue robots at earthquake-hit Mirandola, Italy: A field report},
	shorttitle = {Rescue robots at earthquake-hit {Mirandola}, {Italy}},
	doi = {10.1109/SSRR.2012.6523866},
	booktitle = {2012 {IEEE} {International} {Symposium} on {Safety}, {Security}, and {Rescue} {Robotics} ({SSRR})},
	author = {Kruijff, Geert-Jan M. and Pirri, Fiora and Gianni, Mario and Papadakis, Panagiotis and Pizzoli, Matia and Sinha, Arnab and Tretyakov, Viatcheslav and Linder, Thorsten and Pianese, Emanuele and Corrao, Salvatore and Priori, Fabrizio and Febrini, Sergio and Angeletti, Sandro},
	month = nov,
	year = {2012},
	pages = {1--8},
}

@article{disaster_management,
	title = {Wireless Sensor Networks and Multi-UAV systems for natural disaster management},
	volume = {124},
	issn = {13891286},
	url = {https://linkinghub.elsevier.com/retrieve/pii/S1389128617302220},
	doi = {10.1016/j.comnet.2017.05.021},
	language = {en},
	urldate = {2021-05-13},
	journal = {Computer Networks},
	author = {Erdelj, Milan and Król, Michał and Natalizio, Enrico},
	month = sep,
	year = {2017},
	pages = {72--86},
}

@misc{uas_roadmap, 
	title={Unmanned Systems Integrated Roadmap 2017-2042}, 
	url={https://www.hsdl.org/?abstract&did=826737}, 
	journal={Homeland Security Digital Library}, 
	publisher={United States. Office of the Under Secretary of Defense for Acquisition and Sustainment}, 
	year={2018}, 
	month={Aug}
} 

@inproceedings{uav_fire_detection,
     author={Yuan, Chi and Liu, Zhixiang and Zhang, Youmin},
     booktitle={2015 International Conference on Unmanned Aircraft Systems  (ICUAS)}, 
     title={UAV-based forest fire detection and tracking using image processing techniques}, 
     year={2015},
     pages={639-643},
     doi={10.1109/ICUAS.2015.7152345}
 }

@article{uav_fire_detection_monitoring,
    title = {Unmanned Aerial Vehicle (UAV) based Forest Fire Detection and monitoring for reducing false alarms in forest-fires},
    journal = {Computer Communications},
    volume = {149},
    pages = {1-16},
    year = {2020},
    issn = {0140-3664},
    doi = {https://doi.org/10.1016/j.comcom.2019.10.007},
    url = {https://www.sciencedirect.com/science/article/pii/S0140366419308655},
    author = {S. Sudhakar and V. Vijayakumar and C. {Sathiya Kumar} and V. Priya and Logesh Ravi and V. Subramaniyaswamy}
}


%%%%%%%%%%%%%%%%%%%%%%%%%%%%%%%%
%MDMT

@inproceedings{mdmt_ullman,
     author={Ullman, D. and Malle, B. F.},
     booktitle={14th ACM/IEEE International Conference on
Human-Robot Interaction}, 
     title={Measuring gains and losses in human-robot trust: Evidence for differentiable components of trust}, 
     year={2019},
     pages={618-619},
 }




%%%%%%%%%%%%%%%%%%%%%%%%%%%%%%%%%%%%%%%%%%
%online / long term trust
@inproceedings{autc_trust,
author = {Yang, X. Jessie and Unhelkar, Vaibhav V. and Li, Kevin and Shah, Julie A.},
title = {Evaluating Effects of User Experience and System Transparency on Trust in Automation},
year = {2017},
isbn = {9781450343367},
publisher = {Association for Computing Machinery},
address = {New York, NY, USA},
url = {https://doi-org.colorado.idm.oclc.org/10.1145/2909824.3020230},
doi = {10.1145/2909824.3020230},
booktitle = {Proceedings of the 2017 ACM/IEEE International Conference on Human-Robot Interaction},
pages = {408–416},
numpages = {9},
keywords = {long-term inter-actions, trust in automation, automation transparency, supervisory control},
location = {Vienna, Austria},
series = {HRI '17}
}

@article{trust_sensor,
title = {Real-Time Sensing of Trust in Human-Machine Interactions},
journal = {IFAC-PapersOnLine},
volume = {49},
number = {32},
pages = {48-53},
year = {2016},
note = {Cyber-Physical & Human-Systems CPHS 2016},
issn = {2405-8963},
doi = {https://doi.org/10.1016/j.ifacol.2016.12.188},
url = {https://www.sciencedirect.com/science/article/pii/S2405896316328609},
author = {Wan-Lin Hu and Kumar Akash and Neera Jain and Tahira Reid},
keywords = {human-machine interface, modeling, real-time, categorical data, classifiers, discriminant analysis, human brain, intelligent machines, physiological models},
}


