@article{ganea2018hyperbolic,
  title={Hyperbolic neural networks},
  author={Ganea, Octavian and B{\'e}cigneul, Gary and Hofmann, Thomas},
  journal={Advances in neural information processing systems},
  volume={31},
  year={2018}
}
@article{ungar2007hyperbolic,
  title={The hyperbolic square and mobius transformations},
  author={Ungar, Abraham A},
  journal={Banach Journal of Mathematical Analysis},
  volume={1},
  number={1},
  pages={101--116},
  year={2007},
  publisher={Tusi Mathematical Research Group}
}
@article{ungar2008gyrovector,
  title={A gyrovector space approach to hyperbolic geometry},
  author={Ungar, Abraham Albert},
  journal={Synthesis Lectures on Mathematics and Statistics},
  volume={1},
  number={1},
  pages={1--194},
  year={2008},
  publisher={Morgan \& Claypool Publishers}
}
@article{song2020score,
  title={Score-based generative modeling through stochastic differential equations},
  author={Song, Yang and Sohl-Dickstein, Jascha and Kingma, Diederik P and Kumar, Abhishek and Ermon, Stefano and Poole, Ben},
  journal={arXiv preprint arXiv:2011.13456},
  year={2020}
}
@inproceedings{jo2022score,
  title={Score-based generative modeling of graphs via the system of stochastic differential equations},
  author={Jo, Jaehyeong and Lee, Seul and Hwang, Sung Ju},
  booktitle={International Conference on Machine Learning},
  pages={10362--10383},
  year={2022},
  organization={PMLR}
}
@inproceedings{nagano2019wrapped,
  title={A wrapped normal distribution on hyperbolic space for gradient-based learning},
  author={Nagano, Yoshihiro and Yamaguchi, Shoichiro and Fujita, Yasuhiro and Koyama, Masanori},
  booktitle={International Conference on Machine Learning},
  pages={4693--4702},
  year={2019},
  organization={PMLR}
}
@article{mathieu2019continuous,
  title={Continuous hierarchical representations with poincar{\'e} variational auto-encoders},
  author={Mathieu, Emile and Le Lan, Charline and Maddison, Chris J and Tomioka, Ryota and Teh, Yee Whye},
  journal={Advances in neural information processing systems},
  volume={32},
  year={2019}
}
@article{yu2020semi,
  title={Semi-supervised hierarchical drug embedding in hyperbolic space},
  author={Yu, Ke and Visweswaran, Shyam and Batmanghelich, Kayhan},
  journal={Journal of chemical information and modeling},
  volume={60},
  number={12},
  pages={5647--5657},
  year={2020},
  publisher={ACS Publications}
}
@article{dehmamy2019understanding,
  title={Understanding the representation power of graph neural networks in learning graph topology},
  author={Dehmamy, Nima and Barab{\'a}si, Albert-L{\'a}szl{\'o} and Yu, Rose},
  journal={Advances in Neural Information Processing Systems},
  volume={32},
  year={2019}
}
@article{schutt2017schnet,
  title={Schnet: A continuous-filter convolutional neural network for modeling quantum interactions},
  author={Sch{\"u}tt, Kristof and Kindermans, Pieter-Jan and Sauceda Felix, Huziel Enoc and Chmiela, Stefan and Tkatchenko, Alexandre and M{\"u}ller, Klaus-Robert},
  journal={Advances in neural information processing systems},
  volume={30},
  year={2017}
}
@article{qiao2020orbnet,
  title={OrbNet: Deep learning for quantum chemistry using symmetry-adapted atomic-orbital features},
  author={Qiao, Zhuoran and Welborn, Matthew and Anandkumar, Animashree and Manby, Frederick R and Miller III, Thomas F},
  journal={The Journal of chemical physics},
  volume={153},
  number={12},
  pages={124111},
  year={2020},
  publisher={AIP Publishing LLC}
}
@article{duvenaud2015convolutional,
  title={Convolutional networks on graphs for learning molecular fingerprints},
  author={Duvenaud, David K and Maclaurin, Dougal and Iparraguirre, Jorge and Bombarell, Rafael and Hirzel, Timothy and Aspuru-Guzik, Al{\'a}n and Adams, Ryan P},
  journal={Advances in neural information processing systems},
  volume={28},
  year={2015}
}
@article{vazquez2003modeling,
  title={Modeling of protein interaction networks},
  author={V{\'a}zquez, Alexei and Flammini, Alessandro and Maritan, Amos and Vespignani, Alessandro},
  journal={Complexus},
  volume={1},
  number={1},
  pages={38--44},
  year={2003},
  publisher={Karger Publishers}
}
@article{yang2017neural,
  title={A neural network approach to jointly modeling social networks and mobile trajectories},
  author={Yang, Cheng and Sun, Maosong and Zhao, Wayne Xin and Liu, Zhiyuan and Chang, Edward Y},
  journal={ACM Transactions on Information Systems (TOIS)},
  volume={35},
  number={4},
  pages={1--28},
  year={2017},
  publisher={ACM New York, NY, USA}
}
@inproceedings{fan2019graph,
  title={Graph neural networks for social recommendation},
  author={Fan, Wenqi and Ma, Yao and Li, Qing and He, Yuan and Zhao, Eric and Tang, Jiliang and Yin, Dawei},
  booktitle={The world wide web conference},
  pages={417--426},
  year={2019}
}
@inproceedings{sala2018representation,
  title={Representation tradeoffs for hyperbolic embeddings},
  author={Sala, Frederic and De Sa, Chris and Gu, Albert and R{\'e}, Christopher},
  booktitle={International conference on machine learning},
  pages={4460--4469},
  year={2018},
  organization={PMLR}
}
@article{linial1995geometry,
  title={The geometry of graphs and some of its algorithmic applications},
  author={Linial, Nathan and London, Eran and Rabinovich, Yuri},
  journal={Combinatorica},
  volume={15},
  pages={215--245},
  year={1995},
  publisher={Springer}
}
@inproceedings{munzner1997h3,
  title={H3: Laying out large directed graphs in 3D hyperbolic space},
  author={Munzner, Tamara},
  booktitle={Proceedings of VIZ'97: Visualization Conference, Information Visualization Symposium and Parallel Rendering Symposium},
  pages={2--10},
  year={1997},
  organization={IEEE}
}
@article{wu2021hyperbolic,
  title={Hyperbolic relational graph convolution networks plus: a simple but highly efficient QSAR-modeling method},
  author={Wu, Zhenxing and Jiang, Dejun and Hsieh, Chang-Yu and Chen, Guangyong and Liao, Ben and Cao, Dongsheng and Hou, Tingjun},
  journal={Briefings in Bioinformatics},
  volume={22},
  number={5},
  pages={bbab112},
  year={2021},
  publisher={Oxford University Press}
}
@article{liu2019hyperbolic,
  title={Hyperbolic graph neural networks},
  author={Liu, Qi and Nickel, Maximilian and Kiela, Douwe},
  journal={Advances in neural information processing systems},
  volume={32},
  year={2019}
}
@inproceedings{sohl2015deep,
  title={Deep unsupervised learning using nonequilibrium thermodynamics},
  author={Sohl-Dickstein, Jascha and Weiss, Eric and Maheswaranathan, Niru and Ganguli, Surya},
  booktitle={International Conference on Machine Learning},
  pages={2256--2265},
  year={2015},
  organization={PMLR}
}
@inproceedings{rombach2022high,
  title={High-resolution image synthesis with latent diffusion models},
  author={Rombach, Robin and Blattmann, Andreas and Lorenz, Dominik and Esser, Patrick and Ommer, Bj{\"o}rn},
  booktitle={Proceedings of the IEEE/CVF Conference on Computer Vision and Pattern Recognition},
  pages={10684--10695},
  year={2022}
}
@article{song2019generative,
  title={Generative modeling by estimating gradients of the data distribution},
  author={Song, Yang and Ermon, Stefano},
  journal={Advances in neural information processing systems},
  volume={32},
  year={2019}
}
@article{ho2020denoising,
  title={Denoising diffusion probabilistic models},
  author={Ho, Jonathan and Jain, Ajay and Abbeel, Pieter},
  journal={Advances in Neural Information Processing Systems},
  volume={33},
  pages={6840--6851},
  year={2020}
}
@article{chami2019hyperbolic,
  title={Hyperbolic graph convolutional neural networks},
  author={Chami, Ines and Ying, Zhitao and R{\'e}, Christopher and Leskovec, Jure},
  journal={Advances in neural information processing systems},
  volume={32},
  year={2019}
}
@article{ramakrishnan2014quantum,
  title={Quantum chemistry structures and properties of 134 kilo molecules},
  author={Ramakrishnan, Raghunathan and Dral, Pavlo O and Rupp, Matthias and Von Lilienfeld, O Anatole},
  journal={Scientific data},
  volume={1},
  number={1},
  pages={1--7},
  year={2014},
  publisher={Nature Publishing Group}
}
@article{irwin2012zinc,
  title={ZINC: a free tool to discover chemistry for biology},
  author={Irwin, John J and Sterling, Teague and Mysinger, Michael M and Bolstad, Erin S and Coleman, Ryan G},
  journal={Journal of chemical information and modeling},
  volume={52},
  number={7},
  pages={1757--1768},
  year={2012},
  publisher={ACS Publications}
}
@article{shi2020graphaf,
  title={Graphaf: a flow-based autoregressive model for molecular graph generation},
  author={Shi, Chence and Xu, Minkai and Zhu, Zhaocheng and Zhang, Weinan and Zhang, Ming and Tang, Jian},
  journal={arXiv preprint arXiv:2001.09382},
  year={2020}
}
@inproceedings{luo2021graphdf,
  title={Graphdf: A discrete flow model for molecular graph generation},
  author={Luo, Youzhi and Yan, Keqiang and Ji, Shuiwang},
  booktitle={International Conference on Machine Learning},
  pages={7192--7203},
  year={2021},
  organization={PMLR}
}
@article{landrum2016rdkit,
  title={Rdkit: Open-source cheminformatics software. 2016},
  author={Landrum, Greg and others},
  journal={URL http://www. rdkit. org/, https://github. com/rdkit/rdkit},
  volume={149},
  number={150},
  pages={650},
  year={2016}
}
@article{preuer2018frechet,
  title={Fr{\'e}chet ChemNet distance: a metric for generative models for molecules in drug discovery},
  author={Preuer, Kristina and Renz, Philipp and Unterthiner, Thomas and Hochreiter, Sepp and Klambauer, Gunter},
  journal={Journal of chemical information and modeling},
  volume={58},
  number={9},
  pages={1736--1741},
  year={2018},
  publisher={ACS Publications}
}
@inproceedings{costa2010fast,
  title={Fast neighborhood subgraph pairwise distance kernel},
  author={Costa, Fabrizio and De Grave, Kurt},
  booktitle={Proceedings of the 26th International Conference on Machine Learning},
  pages={255--262},
  year={2010},
  organization={Omnipress; Madison, WI, USA}
}
@article{velivckovic2017graph,
  title={Graph attention networks},
  author={Veli{\v{c}}kovi{\'c}, Petar and Cucurull, Guillem and Casanova, Arantxa and Romero, Adriana and Lio, Pietro and Bengio, Yoshua},
  journal={arXiv preprint arXiv:1710.10903},
  year={2017}
}
@inproceedings{he2016deep,
  title={Deep residual learning for image recognition},
  author={He, Kaiming and Zhang, Xiangyu and Ren, Shaoqing and Sun, Jian},
  booktitle={Proceedings of the IEEE conference on computer vision and pattern recognition},
  pages={770--778},
  year={2016}
}
@article{huang2022riemannian,
  title={Riemannian diffusion models},
  author={Huang, Chin-Wei and Aghajohari, Milad and Bose, Joey and Panangaden, Prakash and Courville, Aaron C},
  journal={Advances in Neural Information Processing Systems},
  volume={35},
  pages={2750--2761},
  year={2022}
}
@article{de2022riemannian,
  title={Riemannian score-based generative modeling},
  author={De Bortoli, Valentin and Mathieu, Emile and Hutchinson, Michael and Thornton, James and Teh, Yee Whye and Doucet, Arnaud},
  journal={arXiv preprint arXiv:2202.02763},
  year={2022}
}
@article{jing2022torsional,
  title={Torsional diffusion for molecular conformer generation},
  author={Jing, Bowen and Corso, Gabriele and Chang, Jeffrey and Barzilay, Regina and Jaakkola, Tommi},
  journal={arXiv preprint arXiv:2206.01729},
  year={2022}
}
@inproceedings{jin2018junction,
  title={Junction tree variational autoencoder for molecular graph generation},
  author={Jin, Wengong and Barzilay, Regina and Jaakkola, Tommi},
  booktitle={International conference on machine learning},
  pages={2323--2332},
  year={2018},
  organization={PMLR}
}
@inproceedings{simonovsky2018graphvae,
  title={Graphvae: Towards generation of small graphs using variational autoencoders},
  author={Simonovsky, Martin and Komodakis, Nikos},
  booktitle={Artificial Neural Networks and Machine Learning--ICANN 2018: 27th International Conference on Artificial Neural Networks, Rhodes, Greece, October 4-7, 2018, Proceedings, Part I 27},
  pages={412--422},
  year={2018},
  organization={Springer}
}
@article{liu2018constrained,
  title={Constrained graph variational autoencoders for molecule design},
  author={Liu, Qi and Allamanis, Miltiadis and Brockschmidt, Marc and Gaunt, Alexander},
  journal={Advances in neural information processing systems},
  volume={31},
  year={2018}
}
@article{de2018molgan,
  title={MolGAN: An implicit generative model for small molecular graphs},
  author={De Cao, Nicola and Kipf, Thomas},
  journal={arXiv preprint arXiv:1805.11973},
  year={2018}
}

@inproceedings{zang2020moflow,
  title={MoFlow: an invertible flow model for generating molecular graphs},
  author={Zang, Chengxi and Wang, Fei},
  booktitle={Proceedings of the 26th ACM SIGKDD International Conference on Knowledge Discovery \& Data Mining},
  pages={617--626},
  year={2020}
}
@article{liu2021graphebm,
  title={Graphebm: Molecular graph generation with energy-based models},
  author={Liu, Meng and Yan, Keqiang and Oztekin, Bora and Ji, Shuiwang},
  journal={arXiv preprint arXiv:2102.00546},
  year={2021}
}
@article{Sohl2015,
  title={Deep Unsupervised Learning using Nonequilibrium Thermodynamics},
  author={Jascha Sohl-Dickstein and Eric Weiss and Niru Maheswaranathan and Surya Ganguli},
  booktitle={Proceedings of the 32nd International Conference on Machine Learning, PMLR 37:2256-2265},
  pages={2256-2265},
  year={2015}
}
@article{DDIM2020,
  title={Denoising Diffusion Implicit Models},
  author={Jiaming Song, Chenlin Meng, Stefano Ermon},
  journal={arXiv preprint arXiv:2010.02502},
  year={2020}
}
@article{EDM2022,
  title={Equivariant Diffusion for Molecule Generation in 3D},
  author={Emiel Hoogeboom and Vı́ctor Garcia Satorras and Clément Vignac and Max Welling},
  booktitle={Proceedings of the 39th International Conference on Machine Learning, PMLR 162:8867-8887},
  pages={8867-8887},
  year={2022}
}
@article{GeoDiff2022,
  title={GeoDiff: a Geometric Diffusion Model for Molecular Conformation Generation},
  author={Minkai Xu and Lantao Yu and Yang Song and Chence Shi and Stefano Ermon and Jian Tang},
  journal={arXiv preprint arXiv:2203.02923},
  year={2022}
}
@article{Brian2022,
  title={Diffusion probabilistic modeling of protein backbones in 3D for the motif-scaffolding problem},
  author={Brian L. Trippe and Jason Yim and Doug Tischer and David Baker and Tamara Broderick and Regina Barzilay and Tommi Jaakkola},
  journal={arXiv preprint arXiv:2206.04119},
  year={2022}
}
@article{Torsional2022,
  title={Torsional Diffusion for Molecular Conformer Generation},
  author={Bowen Jing and Gabriele Corso and Jeffrey Chang and Regina Barzilay and Tommi Jaakkola},
  journal={arXiv preprint arXiv:2206.01729},
  year={2022}
}
@article{vignac2021top,
  title={Top-n: Equivariant set and graph generation without exchangeability},
  author={Vignac, Clement and Frossard, Pascal},
  journal={arXiv preprint arXiv:2110.02096},
  year={2021}
}
@inproceedings{hoogeboom2022equivariant,
  title={Equivariant diffusion for molecule generation in 3d},
  author={Hoogeboom, Emiel and Satorras, V{\i}ctor Garcia and Vignac, Cl{\'e}ment and Welling, Max},
  booktitle={International Conference on Machine Learning},
  pages={8867--8887},
  year={2022},
  organization={PMLR}
}
@inproceedings{dai2021hyperbolic,
  title={A hyperbolic-to-hyperbolic graph convolutional network},
  author={Dai, Jindou and Wu, Yuwei and Gao, Zhi and Jia, Yunde},
  booktitle={Proceedings of the IEEE/CVF Conference on Computer Vision and Pattern Recognition},
  pages={154--163},
  year={2021}
}
@article{chen2021fully,
  title={Fully hyperbolic neural networks},
  author={Chen, Weize and Han, Xu and Lin, Yankai and Zhao, Hexu and Liu, Zhiyuan and Li, Peng and Sun, Maosong and Zhou, Jie},
  journal={arXiv preprint arXiv:2105.14686},
  year={2021}
}
@inproceedings{park2021unsupervised,
  title={Unsupervised hyperbolic representation learning via message passing auto-encoders},
  author={Park, Jiwoong and Cho, Junho and Chang, Hyung Jin and Choi, Jin Young},
  booktitle={Proceedings of the IEEE/CVF Conference on Computer Vision and Pattern Recognition},
  pages={5516--5526},
  year={2021}
}
@inproceedings{nickel2018learning,
  title={Learning continuous hierarchies in the lorentz model of hyperbolic geometry},
  author={Nickel, Maximillian and Kiela, Douwe},
  booktitle={International conference on machine learning},
  pages={3779--3788},
  year={2018},
  organization={PMLR}
}
@article{segler2018generating,
  title={Generating focused molecule libraries for drug discovery with recurrent neural networks},
  author={Segler, Marwin HS and Kogej, Thierry and Tyrchan, Christian and Waller, Mark P},
  journal={ACS central science},
  volume={4},
  number={1},
  pages={120--131},
  year={2018},
  publisher={ACS Publications}
}
@book{beltrami1868teoria,
  title={Teoria fondamentale degli spazii di curvatura costante: memoria},
  author={Beltrami, Eugenio},
  year={1868},
  publisher={F. Zanetti}
}
@article{sen2008collective,
  title={Collective classification in network data},
  author={Sen, Prithviraj and Namata, Galileo and Bilgic, Mustafa and Getoor, Lise and Galligher, Brian and Eliassi-Rad, Tina},
  journal={AI magazine},
  volume={29},
  number={3},
  pages={93--93},
  year={2008}
}
@article{schomburg2004brenda,
  title={BRENDA, the enzyme database: updates and major new developments},
  author={Schomburg, Ida and Chang, Antje and Ebeling, Christian and Gremse, Marion and Heldt, Christian and Huhn, Gregor and Schomburg, Dietmar},
  journal={Nucleic acids research},
  volume={32},
  number={suppl\_1},
  pages={D431--D433},
  year={2004},
  publisher={Oxford University Press}
}
@article{li2018learning,
  title={Learning deep generative models of graphs},
  author={Li, Yujia and Vinyals, Oriol and Dyer, Chris and Pascanu, Razvan and Battaglia, Peter},
  journal={arXiv preprint arXiv:1803.03324},
  year={2018}
}
@inproceedings{you2018graphrnn,
  title={Graphrnn: Generating realistic graphs with deep auto-regressive models},
  author={You, Jiaxuan and Ying, Rex and Ren, Xiang and Hamilton, William and Leskovec, Jure},
  booktitle={International conference on machine learning},
  pages={5708--5717},
  year={2018},
  organization={PMLR}
}
@article{liu2019graph,
  title={Graph normalizing flows},
  author={Liu, Jenny and Kumar, Aviral and Ba, Jimmy and Kiros, Jamie and Swersky, Kevin},
  journal={Advances in Neural Information Processing Systems},
  volume={32},
  year={2019}
}
@inproceedings{niu2020permutation,
  title={Permutation invariant graph generation via score-based generative modeling},
  author={Niu, Chenhao and Song, Yang and Song, Jiaming and Zhao, Shengjia and Grover, Aditya and Ermon, Stefano},
  booktitle={International Conference on Artificial Intelligence and Statistics},
  pages={4474--4484},
  year={2020},
  organization={PMLR}
}
@article{paszke2019pytorch,
  title={Pytorch: An imperative style, high-performance deep learning library},
  author={Paszke, Adam and Gross, Sam and Massa, Francisco and Lerer, Adam and Bradbury, James and Chanan, Gregory and Killeen, Trevor and Lin, Zeming and Gimelshein, Natalia and Antiga, Luca and others},
  journal={Advances in neural information processing systems},
  volume={32},
  year={2019}
}
@article{becigneul2018riemannian,
  title={Riemannian adaptive optimization methods},
  author={B{\'e}cigneul, Gary and Ganea, Octavian-Eugen},
  journal={arXiv preprint arXiv:1810.00760},
  year={2018}
}
@article{kochurov2020geoopt,
  title={Geoopt: Riemannian optimization in pytorch},
  author={Kochurov, Max and Karimov, Rasul and Kozlukov, Serge},
  journal={arXiv preprint arXiv:2005.02819},
  year={2020}
}
@article{asif2021graph,
  title={Graph neural network: A comprehensive review on non-euclidean space},
  author={Asif, Nurul A and Sarker, Yeahia and Chakrabortty, Ripon K and Ryan, Michael J and Ahamed, Md Hafiz and Saha, Dip K and Badal, Faisal R and Das, Sajal K and Ali, Md Firoz and Moyeen, Sumaya I and others},
  journal={IEEE Access},
  volume={9},
  pages={60588--60606},
  year={2021},
  publisher={IEEE}
}
@article{adamic2001search,
  title={Search in power-law networks},
  author={Adamic, Lada A and Lukose, Rajan M and Puniyani, Amit R and Huberman, Bernardo A},
  journal={Physical review E},
  volume={64},
  number={4},
  pages={046135},
  year={2001},
  publisher={APS}
}
@article{chen2020graph,
  title={Graph representation learning: a survey},
  author={Chen, Fenxiao and Wang, Yun-Cheng and Wang, Bin and Kuo, C-C Jay},
  journal={APSIPA Transactions on Signal and Information Processing},
  volume={9},
  pages={e15},
  year={2020},
  publisher={Cambridge University Press}
}
@article{thornber1979isosterism,
  title={Isosterism and molecular modification in drug design},
  author={Thornber, CW},
  journal={Chemical Society Reviews},
  volume={8},
  number={4},
  pages={563--580},
  year={1979},
  publisher={Royal Society of Chemistry}
}
@inproceedings{chen2022modeling,
  title={Modeling scale-free graphs with hyperbolic geometry for knowledge-aware recommendation},
  author={Chen, Yankai and Yang, Menglin and Zhang, Yingxue and Zhao, Mengchen and Meng, Ziqiao and Hao, Jianye and King, Irwin},
  booktitle={Proceedings of the Fifteenth ACM International Conference on Web Search and Data Mining},
  pages={94--102},
  year={2022}
}
@inproceedings{yang2022hicf,
  title={Hicf: Hyperbolic informative collaborative filtering},
  author={Yang, Menglin and Li, Zhihao and Zhou, Min and Liu, Jiahong and King, Irwin},
  booktitle={Proceedings of the 28th ACM SIGKDD Conference on Knowledge Discovery and Data Mining},
  pages={2212--2221},
  year={2022}
}
@inproceedings{yang2022hrcf,
  title={HRCF: Enhancing collaborative filtering via hyperbolic geometric regularization},
  author={Yang, Menglin and Zhou, Min and Liu, Jiahong and Lian, Defu and King, Irwin},
  booktitle={Proceedings of the ACM Web Conference 2022},
  pages={2462--2471},
  year={2022}
}
@inproceedings{adcock2013tree,
  title={Tree-like structure in large social and information networks},
  author={Adcock, Aaron B and Sullivan, Blair D and Mahoney, Michael W},
  booktitle={2013 IEEE 13th international conference on data mining},
  pages={1--10},
  year={2013},
  organization={IEEE}
}
@article{jonckheere2008scaled,
  title={Scaled Gromov hyperbolic graphs},
  author={Jonckheere, Edmond and Lohsoonthorn, Poonsuk and Bonahon, Francis},
  journal={Journal of Graph Theory},
  volume={57},
  number={2},
  pages={157--180},
  year={2008},
  publisher={Wiley Online Library}
}
@inproceedings{dhingra2018embedding,
  title={Embedding Text in Hyperbolic Spaces},
  author={Dhingra, Bhuwan and Shallue, Christopher and Norouzi, Mohammad and Dai, Andrew and Dahl, George},
  booktitle={Proceedings of the Twelfth Workshop on Graph-Based Methods for Natural Language Processing (TextGraphs-12)},
  pages={59--69},
  year={2018}
}