@techreport{online_nation,
    author = {I. Elaine Allen and Jeff Seaman},
    title = {Online Nation: Five Years of Growth in Online Learning},
    year = {2007}}
    
@misc{unesco1,
  author = "UNESCO",
  title = "Open Educational Resources",
  howpublished = {\url{https://en.unesco.org/themes/building-knowledge-societies/oer}},
  year="2019",
  note = {Accessed: 2019-04-01}}

@inproceedings{Oard1998ImplicitFF,
  title={Implicit Feedback for Recommender Systems},
  author={Douglas W. Oard and Jinmook Kim},
  booktitle = {Proceedings of the 1998 AAAI Workshop on Recommender Systems},
  year={1998}
}

@inproceedings{Bulathwela2020,
  title={TrueLearn: A Family of Bayesian Algorithms to Match Lifelong Learners to Open Educational Resources},
  author={S. Bulathwela and M. Perez-Ortiz  and E. Yilmaz and J. Shawe-Taylor},
  booktitle = {Proc.~of the 2020 AAAI Conf. on Artificial Intelligence},
  year={2020}
}

@inproceedings{Jannach2018RecommendingBO,
  title={Recommending Based on Implicit Feedback},
  author={Dietmar Jannach and Lukas Lerche and Markus Zanker},
  booktitle={Social Information Access},
  year={2018}
}

@Article{Pelanek2017,
    author="Pel{\'a}nek, Radek
    and Papou{\v{s}}ek, Jan
    and {\v{R}}ih{\'a}k, Ji{\v{r}}{\'i}
    and Stanislav, V{\'i}t
    and Ni{\v{z}}nan, Juraj",
    title="Elo-based learner modeling for the adaptive practice of facts",
    journal="User Modeling and User-Adapted Interaction",
    year="2017",
    month="Mar",
    day="01",
    volume="27",
    number="1",
    pages="89--118"
}

@inproceedings{Guo_vid_prod,
 author = {Guo, Philip J. and Kim, Juho and Rubin, Rob},
 title = {How Video Production Affects Student Engagement: An Empirical Study of MOOC Videos},
 booktitle = {Proc.~of the First ACM Conf. on L@S},
 year = {2014}
} 

@Article{Salehi2014,
author="Salehi, Mojtaba
and Nakhai Kamalabadi, Isa
and Ghaznavi Ghoushchi, Mohammad Bagher",
title="Personalized recommendation of learning material using sequential pattern mining and attribute based collaborative filtering",
journal="Education and Information Technologies",
year="2014",
month="Dec",
day="01",
volume="19",
number="4",
pages="713--735",
issn="1573-7608",
doi="10.1007/s10639-012-9245-5"
}

@article{Drachsler2007,
author = {Drachsler, Hendrik and Hummel, Hans and Koper, Rob},
year = {2007},
month = {01},
pages = {},
title = {Recommendations for learners are different: Applying memory-based recommender system techniques to lifelong learning},
volume = {307},
journal = {CEUR Workshop Proceedings}
}

@InProceedings{Cen2006,
author="Cen, Hao
and Koedinger, Kenneth
and Junker, Brian",
editor="Ikeda, Mitsuru
and Ashley, Kevin D.
and Chan, Tak-Wai",
title="Learning Factors Analysis -- A General Method for Cognitive Model Evaluation and Improvement",
booktitle="Intelligent Tutoring Systems",
year="2006",
publisher="Springer Berlin Heidelberg",
address="Berlin, Heidelberg",
pages="164--175"
}

@incollection{Lindsey2014,
title = {Automatic Discovery of Cognitive Skills to Improve the Prediction of Student Learning},
author = {Lindsey, Robert V and Khajah, Mohammad and Mozer, Michael C},
booktitle = {Advances in Neural Information Processing Systems 27},
editor = {Z. Ghahramani and M. Welling and C. Cortes and N. D. Lawrence and K. Q. Weinberger},
pages = {1386--1394},
year = {2014},
publisher = {Curran Associates, Inc.}
}


@inproceedings{Lan2014,
title = "Time-varying learning and content analytics via sparse factor analysis",
author = "Lan, {Andrew S.} and Christoph Studer and Baraniuk, {Richard G.}",
year = "2014",
pages = "452--461",
booktitle = "Proceedings of the ACM SIGKDD International Conference on Knowledge Discovery and Data Mining",
publisher = "Association for Computing Machinery"
}

@inbook{Rasch1960,
author = {Rasch, G.E.},
year = {1960},
title = {Probabilistic Models for Some Intelligence and Attainment Tests},
volume = {1},
journal = {Paedagogike Institut}
}

@incollection{Piech2015,
title = {Deep Knowledge Tracing},
author = {Piech, Chris and Bassen, Jonathan and Huang, Jonathan and Ganguli, Surya and Sahami, Mehran and Guibas, Leonidas J and Sohl-Dickstein, Jascha},
booktitle = {Advances in Neural Information Processing Systems 28},
pages = {505--513},
year = {2015},
}

@InProceedings{Corbett2001,
author="Corbett, Albert",
editor="Bauer, Mathias
and Gmytrasiewicz, Piotr J.
and Vassileva, Julita",
title="Cognitive Computer Tutors: Solving the Two-Sigma Problem",
booktitle="User Modeling 2001",
year="2001",
publisher="Springer Berlin Heidelberg",
pages="137--147"
}

@misc{sdg4,
    author    = "UN",
    title = "SUSTAINABLE DEVELOPMENT GOAL 4",
    howpublished = {\url{https://sustainabledevelopment.un.org/sdg4}},
    note = "Accessed 2019-06-01",
    year= "2019"
    }
    
@article{kashdan2009curiosity,
  title={Curiosity and interest: The benefits of thriving on novelty and challenge},
  author={Kashdan, Todd B and Silvia, Paul J},
  journal={Oxford handbook of positive psychology},
  volume={2},
  pages={367--374},
  year={2009}
}
    
@misc{quality_features,
  author={Bulathwela, Sahan and Yilmaz, Emine, and Shawe-Taylor, John},
  title     = {{Towards Automatic, Scalable Quality Assurance in Open Education}},
  year      = {2019},
  howpublished = {\url{https://www.k4all.org/wp-content/uploads/2019/08/IJCAI_paper_on_quality.pdf}}
}

@misc{Pawlowski_opencontent,
    author = {Jan M. Pawlowski and Volker Zimmermann and Imc Ag},
    title = {Open Content: A Concept for the Future of E-Learning and Knowledge Management?},
    year = {2007},
    location_ = {Frankfurt, Germany}}
    
@report{TVET2018,
    author = {Max Ehlers and Robert Schuwer and Ben Janssen},
    title = {OER in TVET: Open Educational Resources for Skills Development, Technical Report},
    howpublished = {UNESCO-UNEVOC International Centre for Technical and Vocational Education and Training},
    year = {2018}}
    
@inproceedings{x5gon,
    author = {Novak, Erik and Urbančič, Jasna and Jenko, Miha},
    title={Preparing multi-modal data for natural language processing},
    booktitle = {Proc.~of Slovenian KDD Conf. on Data Mining and Data Warehouses},
    year = {2018},
    location = {Ljubljana, Slovenia}}
    
@inproceedings{wikifier,
    author = {Brank, Janez and Leban, Gregor and Grobelnik, Marko},
    title={Annotating Documents with Relevant Wikipedia Concepts},
    booktitle = {Proc.~of Slovenian KDD Conf. on SiKDD},
    year = {2017},
    location = {Ljubljana, Slovenia}}
    
@inproceedings{pagerank,
    title = "The anatomy of a large-scale hypertextual Web search engine",
    year = "1998",
    booktitle = "Proc.~of Int. Conf. on World Wide Web",
    author = "Sergey Brin and Lawrence Page"}

@article{corbett1994knowledge,
  title={Knowledge tracing: Modeling the acquisition of procedural knowledge},
  author={Corbett, Albert T and Anderson, John R},
  journal={User modeling and user-adapted interaction},
  volume={4},
  number={4},
  pages={253--278},
  year={1994},
  publisher={Springer}
}

@inproceedings{yudelson2013individualized,
  title={Individualized bayesian knowledge tracing models},
  author={Yudelson, Michael V and Koedinger, Kenneth R and Gordon, Geoffrey J},
  booktitle={IJAIED},
  pages={171--180},
  year={2013},
  organization={Springer}
}

@book{bishopsnewbook,
author = {Bishop, Christopher and Winn, John and Diethe, Tom},
year = {2015},
month = {05},
pages = {},
title = {Model-Based Machine Learning},
publisher = {\url{http://www.mbmlbook.com/}},
 note = {Accessed: 2019-05-23}}
}

@inproceedings{trueskill,
    author = {Herbrich, Ralf and Minka, Tom and Graepel, Thore},
    title = {TrueSkill(TM): A Bayesian Skill Rating System},
    year = {2007},
    url = {https://www.microsoft.com/en-us/research/publication/trueskilltm-a-bayesian-skill-rating-system/},
    pages = {569-576},
    booktitle = {Advances in NIPS 19}
}

@book{elo,
  author    = {Elo, Arpad}, 
  title     = {The Rating of Chessplayers, Past and Present},
  publisher = {Arco  publishers},
  year      = 1978,
  volume    = 3,
  address   = {London},
  month     = 7,
}

@techreport{trueskill2,
author = {Minka, Tom and Cleven, Ryan and Zaykov, Yordan},
title = {TrueSkill 2: An improved Bayesian skill rating system},
year = {2018},
month = {March},
publisher = {Microsoft Research},
url = {https://www.microsoft.com/en-us/research/publication/trueskill-2-improved-bayesian-skill-rating-system/},
}

@incollection{Lane10,
    author =       "Andy Lane",
    editor = "Richard N. Katz",
    title = "Open Information, Open Content, Open Source",
    pages = "158-168",
    publisher = "Educause",
    booktitle =    "The Tower and The Cloud",
    year =         "2010"}
    
@Article{Bull2016,
author="Bull, Susan
and Kay, Judy",
title="SMILI☺: a Framework for Interfaces to Learning Data in Open Learner Models, Learning Analytics and Related Fields",
journal="IJAIED",
year="2016",
volume="26",
number="1",
pages="293--331",
}

@inproceedings{small_data_recsys,
 author = {Wen, Hongyi and Yang, Longqi and Sobolev, Michael and Estrin, Deborah},
 title = {Exploring Recommendations Under User-controlled Data Filtering},
 booktitle = {Proceedings of the 12th ACM Conference on Recommender Systems},
 series = {RecSys '18},
 year = {2018},
 isbn = {978-1-4503-5901-6},
 location = {Vancouver, British Columbia, Canada},
 pages = {72--76},
 publisher = {ACM},
 address = {New York, NY, USA}
} 

@article{pardos2014affective,
    title={Affective States and State Tests: Investigating How Affect and Engagement during the School Year Predict End-of-Year Learning Outcomes.},
    author={Pardos, Zachary A and Baker, Ryan SJD and San Pedro, Maria OCZ and Gowda, Sujith M and Gowda, Supreeth M},
    journal={Journal of Learning Analytics},
    volume={1},
    number={1},
    year={2014}}

@article{carini2006student,
    title={Student engagement and student learning: Testing the linkages},
    author={Carini, Robert M and Kuh, George D and Klein, Stephen P},
    journal={Research in higher education},
    volume={47},
    number={1},
    year={2006}}

@inproceedings{click_performance,
    author={C. G. {Brinton} and M. {Chiang}},
    booktitle={Proc.~of INFOCOM},
    title={MOOC performance prediction via clickstream data and social learning networks},
    year={2015}}
    
@inproceedings{Covington2016,
    author = {Covington, Paul and Adams, Jay and Sargin, Emre},
    title = {Deep Neural Networks for YouTube Recommendations},
    booktitle = {Proc.~of ACM Conf. on Recommender Systems},
    year = 2016} 
    
@inproceedings{ramesh2014learning,
    title={Learning latent engagement patterns of students in online courses},
    author={Ramesh, Arti and Goldwasser, Dan and Huang, Bert and Daume III, Hal and Getoor, Lise},
    booktitle={Proc.~of AAAI Conference on Artificial Intelligence},
    year={2014}}

@inproceedings{lan2017behavior,
    title={Behavior-Based Latent Variable Model for Learner Engagement.},
    author={Lan, Andrew S and Brinton, Christopher G and Yang, Tsung-Yen and Chiang, Mung},
    booktitle={Proc.~of Int. Conf. on EDM},
    year={2017}}

@inproceedings{slater2016semantic,
    title={Semantic Features of Math Problems: Relationships to Student Learning and Engagement},
    author={Slater, Stefan and Baker, Ryan and Ocumpaugh, Jaclyn and Inventado, Paul and Scupelli, Peter and Heffernan, Neil},
    booktitle={Proc.~of Int. Conf. on Educational Data Mining},
    year={2016}}
    
@article{pawlowski2007open,
  title={Open Content: a concept for the future of e-learning and knowledge management},
  author={Pawlowski, Jan M and Zimmermann, Volker},
  journal={Knowtech 2007, Frankfurt},
  year={2007},
  publisher={Citeseer}
}

@article{bobadilla2009collaborative,
  title={Collaborative filtering adapted to recommender systems of e-learning},
  author={Bobadilla, JESUS and Serradilla, Francisco and Hernando, Antonio and others},
  journal={Knowledge-Based Systems},
  volume={22},
  number={4},
  pages={261--265},
  year={2009},
  publisher={Elsevier}
}

@article{Drachsler:edurec,
 author = {Drachsler, Hendrik and Hummel, Hans G. K. and Koper, Rob},
 title = {Personal Recommender Systems for Learners in Lifelong Learning Networks: the Requirements, Techniques and Model},
 journal = {Int. J. Learn. Technol.},
 volume = {3},
 number = {4},
 year = {2008},
 pages = {404--423},
 publisher = {Inderscience Publishers}
} 

@inproceedings{goal_based_edrec,
 author = {Jiang, Weijie and Pardos, Zachary A. and Wei, Qiang},
 title = {Goal-based Course Recommendation},
 booktitle = {Proc.~of Int. Conf. on Learning Analytics \& Knowledge},
 year = {2019}
} 

@article{bauman2018recommending,
  title={Recommending remedial learning materials to students by filling their knowledge gaps},
  author={Bauman, Konstantin and Tuzhilin, Alexander},
  journal = {MIS Quarterly},
  volume = {42},
  number = {1},
  pages = {313--332},
  year = {2018}
}

@article{Salehi2014, 
author="Salehi, Mojtaba and Nakhai Kamalabadi, Isa and Ghaznavi Ghoushchi, Mohammad Bagher",
title="Personalized recommendation of learning material using sequential pattern mining and attribute based collaborative filtering",
journal="Education and Information Technologies",
year="2014",
volume="19",
number="4",
pages="713--735"
}

@article{hybrid_rec,
 author = {Garc\'{\i}a, Enrique and Romero, Crist\'{o}bal and Ventura, Sebasti\'{a}n and Castro, Carlos De},
 title = {An Architecture for Making Recommendations to Courseware Authors Using Association Rule Mining and Collaborative Filtering},
 journal = {User Modeling and User-Adapted Interaction},
 issue_date = {February  2009},
 volume = {19},
 number = {1-2},
 year = {2009},
 pages = {99--132},
 publisher = {Kluwer Academic Publishers}
} 

@incollection{NIPS2007_3331,
title = {TrueSkill Through Time: Revisiting the History of Chess},
author = {Pierre Dangauthier and Ralf Herbrich and Minka, Tom and Graepel, Thore},
booktitle = {Advances in NIPS 20},
pages = {337--344},
year = {2008},
}

