@Misc{CHINOSAUR:venue,
  author =       {@\_CHINOSAUR},
  key =          {_CHINOSAUR},
  howpublished = {Tweet},
  title =        {"VENUE IS TOO COLD" \#BINGO \#CHI2014},
  month =        {May},
  day =          1,
  year =         2014,
  note =         {Retrieved Febuary 2, 2015 from
                  \url{https://twitter.com/_CHINOSAUR/status/461864317415989248}},
  annote =       {Tweet}
}

@misc{supermetroid:snes,
	Address = {Kyoto, Japan},
	Author = {{Nintendo R\&D1} and {Intelligent Systems}},
	Day = {18},
	Howpublished = {Game [SNES]},
	Month = {April},
	Note = {Nintendo, Kyoto, Japan. Played August 2011.},
	Publisher = {Nintendo},
	Title = {\emph{Super Metroid}},
	Year = {1994}
}

@inproceedings{Klemmer:2002:WSC:503376.503378,
  author =       {Klemmer, Scott R. and Thomsen, Michael and
                  Phelps-Goodman, Ethan and Lee, Robert and Landay,
                  James A.},
  title =        {Where Do Web Sites Come from?: Capturing and
                  Interacting with Design History},
  booktitle =    {Proceedings of the SIGCHI Conference on Human
                  Factors in Computing Systems},
  series =       {CHI '02},
  year =         2002,
  isbn =         {1-58113-453-3},
  location =     {Minneapolis, Minnesota, USA},
  pages =        {1--8},
  url =          {http://doi.acm.org/10.1145/503376.503378},
  doi =          {10.1145/503376.503378},
  acmid =        503378,
  publisher =    {ACM},
  address =      {New York, NY, USA},
  keywords =     {CSCW, activity capture, design rationale, history
                  management, informal interfaces, sketching, tangible
                  UI, web design},
}

@inproceedings{Mather:2000:MUT,
  title =        {Making up titles for conference papers},
  author =       {Mather, B. D.},
  booktitle =    {Ext. Abstracts CHI 2000},
  year =         2000,
  publisher =    "ACM Press",
  pages =        "1-2",
}

@book{Schwartz:1995:GBF,
  title =        {Guidelines for Bias-Free Writing},
  author =       {Marilyn Schwartz},
  address =      {Bloomington, IN, USA},
  year =         1995,
  publisher =    {ERIC}
}

@inproceedings{Zellweger:2001:FAO:504216.504224,
  author =       {Zellweger, Polle T. and Bouvin, Niels Olof and
                  Jeh{\o}j, Henning and Mackinlay, Jock D.},
  title =        {Fluid annotations in an open world},
  booktitle =    {Proc. Hypertext 2001},
  year =         2001,
  pages =        {9--18},
  publisher =    {ACM Press},
}

@misc{acm_categories,
  key =          "ACM",
  author =       {ACM},
  title =        {How to Classify Works Using ACM's Computing
                  Classification System},
  year =         1998,
  note =         {\url{http://www.acm.org/class/how_to_use.html}},
}

@Misc{cavender:writing,
  author =       {Anna Cavender and Shari Trewin and Vicki Hanson},
  title =        {Accessible Writing Guide},
  year =         2014,
  day =          22,
  note =
                  {\url{http://www.sigaccess.org/welcome-to-sigaccess/resources/accessible-writing-guide/}},
  annote =       {URL}
}

@article{ethics,
  title =        {{Social Impacts of Computing: Codes of Professional
                  Ethics}},
  author =       {R. E. Anderson},
  doi =          "10.1177/089443939201000402",
  journal =      "Social Science Computer Review December",
  year =         1992,
  volume =       10,
  number =       4,
  pages =        "453-469"
}

@Misc{heilig:sensorama,
  author =       {Morton L. Heilig},
  title =        {Sensorama Simulator},
  howpublished = {U.S. Patent 3,050,870},
  month =        {August},
  day =          28,
  year =         1962,
  note =         {Filed Februrary 22, 1962.},
  annote =       {is this right?}
},

@article{kaye:puc,
  year =         2014,
  issn =         {1617-4909},
  journal =      {Personal and Ubiquitous Computing},
  volume =       18,
  number =       4,
  doi =          {10.1007/s00779-014-0773-4},
  title =        {Special issue on science fiction and ubiquitous
                  computing},
  url =          {http://dx.doi.org/10.1007/s00779-014-0773-4},
  publisher =    {Springer London},
  author =       {Kaye, Jofish and Dourish, Paul},
  pages =        {765-766},
  language =     {English}
}

@Misc{psy:gangnam,
  author =       {Psy},
  title =        {Gangnam Style},
  howpublished = {Video},
  month =        {July},
  day =          15,
  year =         2012,
  note =         {Retrieved August 22, 2014 from
                  \url{https://www.youtube.com/watch?v=9bZkp7q19f0}},
  annote =       {Video URL}
}

@PhdThesis{sutherland:sketchpad,
  author =       {Ivan E. Sutherland},
  title =        {Sketchpad, a Man-Machine Graphical Communication
                  System},
  school =       {Massachusetts Institute of Technology},
  year =         1963,
  address =      {Cambridge, MA},
}

@InBook{winner:politics,
  author =       {Langdon Winner},
  title =        {The Social Shaping of Technology},
  chapter =      {Do artifacts have politics?},
  publisher =    {Open University Press},
  year =         1999,
  address =      {UK},
  edition =      {2nd},
  pages =        {28--40},
}

problems tools 3.3.8
https://www.researchgate.net/publication/220686446_What_went_wrong_A_survey_of_problems_in_game_development
@article{petrillo2009went,
  title={What went wrong? A survey of problems in game development},
  author={Petrillo, F{\'a}bio and Pimenta, Marcelo and Trindade, Francisco and Dietrich, Carlos},
  journal={Computers in Entertainment (CIE)},
  volume={7},
  number={1},
  pages={13},
  year={2009},
  publisher={ACM}
}

priblems
https://www.microsoft.com/en-us/research/wp-content/uploads/2016/06/washburn-icse-2016-2.pdf
@inproceedings{washburn2016went,
  title={What went right and what went wrong: an analysis of 155 postmortems from game development},
  author={Washburn Jr, Michael and Sathiyanarayanan, Pavithra and Nagappan, Meiyappan and Zimmermann, Thomas and Bird, Christian},
  booktitle={Proceedings of the 38th International Conference on Software Engineering Companion},
  pages={280--289},
  year={2016},
  organization={ACM}
}

problems
@inproceedings{Kasurinen:2013:GDE:2460999.2461004,
 author = {Kasurinen, Jussi and Strand{\'e}n, Jukka-Pekka and Smolander, Kari},
 title = {What Do Game Developers Expect from Development and Design Tools?},
 booktitle = {Proceedings of the 17th International Conference on Evaluation and Assessment in Software Engineering},
 series = {EASE '13},
 year = {2013},
 isbn = {978-1-4503-1848-8},
 location = {Porto de Galinhas, Brazil},
 pages = {36--41},
 numpages = {6},
 url = {http://doi.acm.org/10.1145/2460999.2461004},
 doi = {10.1145/2460999.2461004},
 acmid = {2461004},
 publisher = {ACM},
 address = {New York, NY, USA},
 keywords = {development tools, game industry, software development, technical infrastructure},
} 

suggestion engines
@inproceedings{Igarashi:2007:SID:1281500.1281531,
 author = {Igarashi, Takeo and Igarashi, Takeo and Hughes, John F.},
 title = {A Suggestive Interface for 3D Drawing},
 booktitle = {ACM SIGGRAPH 2007 Courses},
 series = {SIGGRAPH '07},
 year = {2007},
 isbn = {978-1-4503-1823-5},
 location = {San Diego, California},
 articleno = {20},
 url = {http://doi.acm.org/10.1145/1281500.1281531},
 doi = {10.1145/1281500.1281531},
 acmid = {1281531},
 publisher = {ACM},
 address = {New York, NY, USA},
 keywords = {3D drawing, gestural interface, interaction technique, prediction, user interface design},
 }

-spaceship generation 
@ARTICLE{6185648,
author={A. {Liapis} and G. N. {Yannakakis} and J. {Togelius}},
journal={IEEE Transactions on Computational Intelligence and AI in Games},
title={Adapting Models of Visual Aesthetics for Personalized Content Creation},
year={2012},
volume={4},
number={3},
pages={213-228},
keywords={computer games;evolutionary computation;interactive systems;optimisation;visual aesthetics model adaptation;personalized content creation;search-based approach;personalized content generation;two-step adaptation procedure;personalized evaluation function;fitness functions;visual perception;2D game spaceships;neuroevolutionary constrained optimization;interactive evolution experiment;Visualization;Games;Optimization;Computational modeling;Art;Shape;Adaptation models;Computational aesthetics;constrained optimization;experience-driven procedural content generation (EDPCG);interactive evolution},
doi={10.1109/TCIAIG.2012.2192438},
ISSN={1943-068X},
month={Sep.},}

-no silver bullet
@ARTICLE{4420077,
author={S. {Fraser} and D. {Mancl}},
journal={IEEE Software},
title={No Silver Bullet: Software Engineering Reloaded},
year={2008},
volume={25},
number={1},
pages={91-94},
keywords={decision making;object-oriented programming;software engineering;software engineering;object-oriented programming;silver bullet;decision-making tool;Silver;Software engineering;Software tools;Books;Operating systems;Object oriented programming;Application software;Project management;Software design;Leg;software engineering;project management;information technology and systems;computing;organizational impact;software design;complexity;silver bullet;Frederick Brooks},
doi={10.1109/MS.2008.14},
ISSN={0740-7459},
month={Jan},}


-apriori
@inproceedings{agrawal1994fast,
  title={Fast algorithms for mining association rules},
  author={Agrawal, Rakesh and Srikant, Ramakrishnan and others},
  booktitle={Proc. 20th int. conf. very large data bases, VLDB},
  volume={1215},
  pages={487--499},
  year={1994}
}

-apriori examples rs
@article{guo2017application,
  title={Application of an improved Apriori algorithm in a mobile e-commerce recommendation system},
  author={Guo, Yan and Wang, Minxi and Li, Xin},
  journal={Industrial Management \& Data Systems},
  volume={117},
  number={2},
  pages={287--303},
  year={2017},
  publisher={Emerald Publishing Limited}
}

-apriori examples rs
@article{lazcorreta2008towards,
  title={Towards personalized recommendation by two-step modified Apriori data mining algorithm},
  author={Lazcorreta, Enrique and Botella, Federico and Fern{\'a}ndez-Caballero, Antonio},
  journal={Expert Systems with Applications},
  volume={35},
  number={3},
  pages={1422--1429},
  year={2008},
  publisher={Elsevier}
}

-apriori comparative study
@article{aher2012comparative,
  title={A comparative study of association rule algorithms for course recommender system in e-learning},
  author={Aher, Sunita B and Lobo, LMRJ},
  journal={International Journal of Computer Applications},
  volume={39},
  number={1},
  pages={48--52},
  year={2012},
  publisher={International Journal of Computer Applications, 244 5 th Avenue,\# 1526, New~…}
}

-apriori robustness
@article{sandvig2008survey,
  title={A survey of collaborative recommendation and the robustness of model-based algorithms.},
  author={Sandvig, Jeff J and Mobasher, Bamshad and Burke, Robin D},
  journal={IEEE Data Eng. Bull.},
  volume={31},
  number={2},
  pages={3--13},
  year={2008},
  publisher={Citeseer}
}

-market basket analysis
@article{brin1997dynamic,
  title={Dynamic itemset counting and implication rules for market basket data},
  author={Brin, Sergey and Motwani, Rajeev and Ullman, Jeffrey D and Tsur, Shalom},
  journal={Acm Sigmod Record},
  volume={26},
  number={2},
  pages={255--264},
  year={1997},
  publisher={ACM}
}

-example bread, butter and milk
@inproceedings{agrawal1993mining,
  title={Mining association rules between sets of items in large databases},
  author={Agrawal, Rakesh and Imieli{\'n}ski, Tomasz and Swami, Arun},
  booktitle={Acm sigmod record},
  volume={22},
  number={2},
  pages={207--216},
  year={1993},
  organization={ACM}
}

-recommender system for recommending games to be played
@inproceedings{sifa2018matrix,
  title={Matrix and Tensor Factorization Based Game Content Recommender Systems: A Bottom-Up Architecture and a Comparative Online Evaluation},
  author={Sifa, Rafet and Yawar, Raheel and Ramamurthy, Rajkumar and Bauckhage, Christian},
  booktitle={Fourteenth Artificial Intelligence and Interactive Digital Entertainment Conference},
  year={2018}
}

-computer self-efficacy and creativity
@article{yang2009creative,
  title={Creative self-efficacy and its factors: An empirical study of information system analysts and programmers},
  author={Yang, Heng-Li and Cheng, Hsiu-Hua},
  journal={Computers in Human Behavior},
  volume={25},
  number={2},
  pages={429--438},
  year={2009},
  publisher={Elsevier}
}

-panas and creativity
@article{baron2011role,
  title={The role of entrepreneurs in firm-level innovation: Joint effects of positive affect, creativity, and environmental dynamism},
  author={Baron, Robert A and Tang, Jintong},
  journal={Journal of Business Venturing},
  volume={26},
  number={1},
  pages={49--60},
  year={2011},
  publisher={Elsevier}
}


-panas and creativity
@article{ding2014improving,
  title={Improving creativity performance by short-term meditation},
  author={Ding, Xiaoqian and Tang, Yi-Yuan and Tang, Rongxiang and Posner, Michael I},
  journal={Behavioral and Brain Functions},
  volume={10},
  number={1},
  pages={9},
  year={2014},
  publisher={BioMed Central}
}

-workload and creativity
@article{amabile1996assessing,
  title={Assessing the work environment for creativity},
  author={Amabile, Teresa M and Conti, Regina and Coon, Heather and Lazenby, Jeffrey and Herron, Michael},
  journal={Academy of management journal},
  volume={39},
  number={5},
  pages={1154--1184},
  year={1996},
  publisher={Academy of Management Briarcliff Manor, NY 10510}
}

-workload and creativity
@article{cherry2014quantifying,
  title={Quantifying the creativity support of digital tools through the creativity support index},
  author={Cherry, Erin and Latulipe, Celine},
  journal={ACM Transactions on Computer-Human Interaction (TOCHI)},
  volume={21},
  number={4},
  pages={21},
  year={2014},
  publisher={ACM}
}

-workload and creativity
@article{foss2013creativity,
  title={Creativity and implementations of new ideas: do organisational structure, work environment and gender matter?},
  author={Foss, Lene and Woll, Kristin and Moilanen, Mikko},
  journal={International Journal of Gender and Entrepreneurship},
  volume={5},
  number={3},
  pages={298--322},
  year={2013},
  publisher={Emerald Group Publishing Limited}
}

--problems sw tools
@inproceedings{murphy2014cowboys,
  title={Cowboys, ankle sprains, and keepers of quality: How is video game development different from software development?},
  author={Murphy-Hill, Emerson and Zimmermann, Thomas and Nagappan, Nachiappan},
  booktitle={Proceedings of the 36th International Conference on Software Engineering},
  pages={1--11},
  year={2014},
  organization={ACM}
}

--NASA-TLX-the original
@incollection{hart1988development,
  title={Development of NASA-TLX (Task Load Index): Results of empirical and theoretical research},
  author={Hart, Sandra G and Staveland, Lowell E},
  booktitle={Advances in psychology},
  volume={52},
  pages={139--183},
  year={1988},
  publisher={Elsevier}
}

@article{Blow:2004:GDH:971564.971590,
 author = {Blow, Jonathan},
 title = {Game Development: Harder Than You Think},
 journal = {Queue},
 issue_date = {February 2004},
 volume = {1},
 number = {10},
 month = feb,
 year = {2004},
 issn = {1542-7730},
 pages = {28--37},
 numpages = {10},
 url = {http://doi.acm.org/10.1145/971564.971590},
 doi = {10.1145/971564.971590},
 acmid = {971590},
 publisher = {ACM},
 address = {New York, NY, USA},
} 

@inproceedings{Potanin:2010:FPB:1823818.1823833,
 author = {Potanin, Robin},
 title = {Forces in Play: The Business and Culture of Videogame Production},
 booktitle = {Proceedings of the 3rd International Conference on Fun and Games},
 series = {Fun and Games '10},
 year = {2010},
 isbn = {978-1-60558-907-7},
 location = {Leuven, Belgium},
 pages = {135--143},
 numpages = {9},
 url = {http://doi.acm.org/10.1145/1823818.1823833},
 doi = {10.1145/1823818.1823833},
 acmid = {1823833},
 publisher = {ACM},
 address = {New York, NY, USA},
 keywords = {'I' methodology, character design, cultural analysis, game design, videogame production},
} 


@article{Shneiderman:2007:CST:1323688.1323689,
 author = {Shneiderman, Ben},
 title = {Creativity Support Tools: Accelerating Discovery and Innovation},
 journal = {Commun. ACM},
 issue_date = {December 2007},
 volume = {50},
 number = {12},
 month = dec,
 year = {2007},
 issn = {0001-0782},
 pages = {20--32},
 numpages = {13},
 url = {http://doi.acm.org/10.1145/1323688.1323689},
 doi = {10.1145/1323688.1323689},
 acmid = {1323689},
 publisher = {ACM},
 address = {New York, NY, USA},
} 

@inproceedings{Oh:2017:UVT:3025453.3025539,
 author = {Oh, Changhoon and Lee, Taeyoung and Kim, Yoojung and Park, SoHyun and Kwon, Saebom and Suh, Bongwon},
 title = {Us vs. Them: Understanding Artificial Intelligence Technophobia over the Google DeepMind Challenge Match},
 booktitle = {Proceedings of the 2017 CHI Conference on Human Factors in Computing Systems},
 series = {CHI '17},
 year = {2017},
 isbn = {978-1-4503-4655-9},
 location = {Denver, Colorado, USA},
 pages = {2523--2534},
 numpages = {12},
 url = {http://doi.acm.org/10.1145/3025453.3025539},
 doi = {10.1145/3025453.3025539},
 acmid = {3025539},
 publisher = {ACM},
 address = {New York, NY, USA},
 keywords = {algorithm, algorithmic experience, alienation, anthropomorphism, artificial intelligence, technophobia},
} 

 @inproceedings{smith2010tanagra,
 title={Tanagra: A mixed-initiative level design tool},
 author={Smith, Gillian and Whitehead, Jim and Mateas, Michael},
 booktitle={Proceedings of the Fifth International Conference on the Foundations of Digital Games},
 pages={209--216},
 year={2010},
 organization={ACM}
}


@inproceedings{shaker2013ropossum,
 title={Ropossum: An Authoring Tool for Designing, Optimizing and Solving Cut the Rope Levels.},
 author={Shaker, Noor and Shaker, Mohammad and Togelius, Julian},
 booktitle={AIIDE},
 year={2013}
}

@inproceedings{liapis2013sentient,
  title={Sentient Sketchbook: Computer-aided game level authoring.},
  author={Liapis, Antonios and Yannakakis, Georgios N and Togelius, Julian},
  booktitle={FDG},
  pages={213--220},
  year={2013}
}

@article{Hastings:2010:GAR:1810136.1810137,
 author = {Hastings, Erin J. and Stanley, Kenneth O.},
 title = {Galactic Arms Race: An Experiment in Evolving Video Game Content},
 journal = {SIGEVOlution},
 issue_date = {March 2010},
 volume = {4},
 number = {4},
 month = mar,
 year = {2010},
 issn = {1931-8499},
 pages = {2--10},
 numpages = {9},
 url = {http://doi.acm.org/10.1145/1810136.1810137},
 doi = {10.1145/1810136.1810137},
 acmid = {1810137},
 publisher = {ACM},
 address = {New York, NY, USA},
} 

@software{borderlands,
  author = {{2K Interactive, 2009 - 2019}},
  title = {Borderlands},
  url = {https://borderlands.com/en-US/},
  version = {3},
  date = {2019-05-23},
}

@article{Machado2018AIAssistedGD,
  title={AI-Assisted Game Debugging with Cicero},
  author={Tiago Machado and Daniel Gopstein and Andy Nealen and Oded Nov and Julian Togelius},
  journal={2018 IEEE Congress on Evolutionary Computation (CEC)},
  year={2018},
  pages={1-8}
}

@inproceedings{machado2019pitako,
title={Pitako - Recommending Game Design Elements in Cicero},
author={Machado, Tiago and Gopstein, Dan and Nealen, Andy and Togelius, Julian},
booktitle={IEEE Conference on Games},
year={2019}
}

@article{perez20162014,
  title={The 2014 general video game playing competition},
  author={Perez-Liebana, Diego and Samothrakis, Spyridon and Togelius, Julian and Schaul, Tom and Lucas, Simon M and Cou{\"e}toux, Adrien and Lee, Jerry and Lim, Chong-U and Thompson, Tommy},
  journal={IEEE Transactions on Computational Intelligence and AI in Games},
  volume={8},
  number={3},
  pages={229--243},
  year={2016},
  publisher={IEEE}
}

@inproceedings{schaul2013video,
  title={A video game description language for model-based or interactive learning},
  author={Schaul, Tom},
  booktitle={Computational Intelligence in Games (CIG), 2013 IEEE Conference on},
  pages={1--8},
  year={2013},
  organization={IEEE}
}

@article{ebner2013towards,
  title={Towards a video game description language},
  author={Ebner, Marc and Levine, John and Lucas, Simon M and Schaul, Tom and Thompson, Tommy and Togelius, Julian},
  year={2013},
  publisher={Dagstuhl Publishing}
}

@inproceedings{togelius20102009,
  title={The 2009 mario ai competition},
  author={Togelius, Julian and Karakovskiy, Sergey and Baumgarten, Robin},
  booktitle={IEEE Congress on Evolutionary Computation},
  pages={1--8},
  year={2010},
  organization={IEEE}
}

@article{resnick2018pommerman,
  title={Pommerman: A multi-agent playground},
  author={Resnick, Cinjon and Eldridge, Wes and Ha, David and Britz, Denny and Foerster, Jakob and Togelius, Julian and Cho, Kyunghyun and Bruna, Joan},
  journal={arXiv preprint arXiv:1809.07124},
  year={2018}
}

@inproceedings{renz2015aibirds,
  title={AIBIRDS: The Angry Birds artificial intelligence competition},
  author={Renz, Jochen},
  booktitle={Twenty-Ninth AAAI Conference on Artificial Intelligence},
  year={2015}
}

@book{o2017weapons,
  title={Weapons of math destruction: How big data increases inequality and threatens democracy},
  author={O'Neil, Cathy},
  year={2017},
  publisher={Broadway Books}
}

@article{crawford2004positive,
  title={The Positive and Negative Affect Schedule (PANAS): Construct validity, measurement properties and normative data in a large non-clinical sample},
  author={Crawford, John R and Henry, Julie D},
  journal={British journal of clinical psychology},
  volume={43},
  number={3},
  pages={245--265},
  year={2004},
  publisher={Wiley Online Library}
}

@article{marakas1998multilevel,
  title={The multilevel and multifaceted character of computer self-efficacy: Toward clarification of the construct and an integrative framework for research},
  author={Marakas, George M and Yi, Mun Y and Johnson, Richard D},
  journal={Information systems research},
  volume={9},
  number={2},
  pages={126--163},
  year={1998},
  publisher={INFORMS}
}

@inproceedings{friese2011using,
  title={Using ATLAS. ti for analyzing the financial crisis data},
  author={Friese, Susanne},
  booktitle={Forum Qualitative Sozialforschung/Forum: Qualitative Social Research},
  volume={12},
  number={1},
  year={2011}
}

@inproceedings{alvarez2018fostering,
  title={Fostering creativity in the mixed-initiative evolutionary dungeon designer},
  author={Alvarez, Alberto and Dahlskog, Steve and Font, Jose and Holmberg, Johan and Nolasco, Chelsi and {\"O}sterman, Axel},
  booktitle={Proceedings of the 13th International Conference on the Foundations of Digital Games},
  pages={50},
  year={2018},
  organization={ACM}
}

@inproceedings{guzdial2019friend,
  title={Friend, collaborator, student, manager: How design of an ai-driven game level editor affects creators},
  author={Guzdial, Matthew and Liao, Nicholas and Chen, Jonathan and Chen, Shao-Yu and Shah, Shukan and Shah, Vishwa and Reno, Joshua and Smith, Gillian and Riedl, Mark O},
  booktitle={Proceedings of the 2019 CHI Conference on Human Factors in Computing Systems},
  pages={624},
  year={2019},
  organization={ACM}
}

